1824 3208
899 67 934 111 4

855 194 979 251 ΙΙ.

180 303 508 366 Pacuvii
563 303 947 365 excellens
997 306 1079 364 in
1125 306 1340 379 poesi
1390 306 1658 368 virtum.

290 431 360 474 Ea
402 431 472 475 est
507 429 581 475 lex
610 428 867 475 conditionis
898 430 1142 490 humanae,
1178 432 1244 488 ut,
1283 433 1514 490 postquam
1541 432 1658 492 apud

180 519 312 549 unum
351 505 556 563 populum
594 516 668 547 res
711 506 756 547 in
795 502 988 549 deterius
1027 506 1140 548 verti
1169 506 1351 562 coeptae
1378 495 1501 563 sunt,
1547 518 1659 564 quae

179 578 408 636 praeclare
452 577 508 620 ab
548 588 600 620 eo
638 577 818 619 inventa
847 579 891 620 et
919 579 1171 634 excogitata
1200 579 1324 635 sunt,
1361 589 1417 620 ne
1445 580 1658 622 communi

178 650 354 695 humani
382 650 558 708 generis
586 648 719 692 saluti
748 649 919 692 omnino
947 652 1185 708 intereant,
1218 650 1273 693 ab
1302 652 1401 707 ipsa
1428 650 1659 708 aufugiant

180 726 224 767 et
257 725 302 767 in
337 722 499 766 recenti
534 722 578 764 et
614 723 778 778 vegeto
806 723 936 765 etiam
967 723 1126 778 populo
1155 735 1276 766 nova
1304 722 1388 766 sibi
1417 723 1543 779 quasi
1571 722 1657 766 do-

179 796 340 840 micilia
377 795 602 852 quaerant.
657 793 813 851 Neque
862 796 1007 838 tamen
1036 795 1196 852 ubique
1226 797 1323 853 pari
1351 795 1525 838 utuntur
1553 794 1657 838 feli-

179 870 332 927 citate,
374 864 456 910 sed
495 878 579 924 pro
617 877 703 909 sua
743 867 926 923 quisque
954 865 1100 909 indole
1131 867 1245 909 alius
1274 867 1364 909 alia
1392 868 1466 910 aut
1494 867 1661 910 excolit

178 943 251 985 aut
278 939 479 998 negligit.
546 938 598 982 In
626 938 783 996 quibus
815 950 921 982 vero
952 938 1182 983 elaborant
1209 939 1382 998 populi,
1425 941 1465 983 si
1494 941 1656 984 virtute

178 1013 366 1071 pollent,
405 1024 461 1055 ea
488 1010 547 1054 ad
574 1022 683 1054 suae
712 1013 895 1068 quisque
923 1013 1106 1054 naturae
1133 1023 1325 1054 normam
1355 1010 1581 1055 efformant
1612 1014 1656 1055 et

176 1086 280 1129 licet
319 1085 376 1129 ab
416 1083 574 1127 alienis
604 1084 693 1127 sint
721 1085 903 1140 accepta
931 1082 1120 1126 efficiunt
1146 1094 1305 1126 revera
1334 1094 1427 1126 sua.
1488 1083 1654 1141 ltaque,

178 1160 226 1202 ut
254 1156 452 1216 exemplo
480 1158 594 1212 utar,
625 1167 739 1213 quae
766 1154 926 1199 Graeci
955 1168 1034 1213 pro
1062 1156 1225 1212 ingenii
1254 1157 1323 1199 sui
1349 1155 1555 1199 felicitate
1583 1156 1654 1200 ef·-

178 1230 394 1273 iinxerunt
439 1228 671 1287 praeclara
716 1229 837 1270 vitae
874 1228 1071 1271 instituta
1111 1240 1338 1286 moresque
1351 1260 1366 1285 ,
1414 1228 1654 1272 litterarum

168 1314 364 1360 genera,
391 1301 504 1344 haee
530 1299 642 1343 adeo
670 1302 774 1343 sunt
804 1298 1006 1358 Graeca,
1043 1302 1103 1358 ut,
1133 1302 1301 1344 etiamsi
1329 1301 1451 1343 initia
1480 1300 1654 1344 aliunde

177 1374 438 1432 petiverint,
478 1373 558 1415 vix
587 1373 736 1430 possis
769 1374 1020 1429 exquirere,
1056 1371 1171 1415 unde
1199 1373 1411 1427 originem
1441 1372 1653 1416 duxerint.

175 1443 282 1491 Cum
321 1446 477 1504 quibus
516 1446 557 1487 si
596 1444 818 1488 Romanos
858 1444 1086 1502 conferas,
1127 1444 1357 1502 pleraque,
1394 1456 1505 1502 quae
1535 1444 1652 1504 apud

177 1517 375 1563 Graecos
404 1519 448 1560 in
478 1529 647 1560 summo
679 1515 845 1560 honore
874 1519 1011 1574 erant,
1040 1515 1160 1560 haud
1187 1515 1325 1573 digna
1341 1518 1551 1561 statuisse
1574 1530 1652 1561 eos

173 1591 373 1635 invenies
388 1622 401 1647 ,
429 1592 475 1633 in
504 1589 660 1646 quibus
695 1588 994 1647 elaborarent,
1023 1588 1105 1632 sed
1132 1589 1189 1632 iis
1215 1577 1491 1645 potissimum
1518 1590 1651 1634 rebus

176 1674 354 1721 operam
381 1660 583 1718 dedisse,
611 1673 725 1719 quae
751 1661 834 1718 illi,
863 1674 952 1719 qua
979 1663 1157 1720 praeter
1179 1663 1351 1705 ceteros
1366 1661 1650 1719 excellebant,

172 1734 387 1792 gravitati
414 1732 763 1777 accommodatae
790 1735 940 1777 essent
968 1745 1166 1791 quaeque
1182 1734 1392 1777 communi
1409 1735 1529 1777 vitae
1551 1736 1651 1778 usui

172 1807 451 1851 inservirent.
492 1805 608 1848 Hinc
636 1807 726 1861 est,
755 1805 870 1863 quod
898 1817 1022 1861 sero,
1050 1808 1097 1848 ut
1127 1802 1281 1849 Cicero
1310 1807 1394 1862 ait,
1425 1817 1454 1848 a
1481 1805 1651 1849 Roma-

171 1880 241 1923 nis
279 1879 437 1937 poetae
474 1876 550 1920 vel
589 1878 754 1934 cogniti
792 1877 867 1920 vel
901 1877 1064 1934 recept-i
1102 1878 1214 1919 sunt.
1281 1875 1354 1920 Ac
1390 1876 1650 1934 tragoediae

173 1951 371 2010 quidem,
414 1949 471 1993 de
500 1962 585 2008 qua
611 1961 725 1994 nunc
752 1949 878 1993 nobis
907 1961 1050 1993 sermo
1079 1950 1171 2005 est,
1218 1961 1246 1992 a
1276 1947 1461 1993 Graecis
1489 1949 1648 1995 fabulis

174 2022 482 2069 convertendis
518 2023 715 2066 iecerunt
760 2022 938 2066 initium.
999 2020 1123 2074 Quae
1141 2008 1276 2078 'quum
1303 2024 1481 2081 propter
1508 2033 1648 2081 argu-

174 2098 304 2141 menti
342 2096 608 2153 gravitatem
649 2094 1036 2151 sublimitatemque
1069 2091 1203 2136 indoli
1246 2105 1392 2137 eorum
1435 2106 1463 2137 a
1490 2094 1647 2140 natura

171 2170 333 2212 insitae
360 2166 585 2211 admodum
614 2168 892 2223 conveniret,
928 2167 1159 2224 postquam
1200 2166 1285 2210 coli
1312 2169 1465 2224 coepta
1492 2169 1561 2211 est
1588 2166 1646 2210 ad

169 2241 304 2285 altum
332 2238 548 2298 quoddam
575 2239 745 2296 gloriae
774 2238 995 2296 fastigium
1025 2239 1180 2282 evecta
1208 2239 1289 2282 est.
1345 2239 1511 2283 Libera
1533 2239 1644 2283 enim

169 2317 305 2372 atque
330 2311 475 2357 soluta
500 2323 667 2370 suoque
693 2323 814 2356 more
840 2313 1039 2356 instituta
1068 2308 1334 2355 Graecorum
1351 2310 1644 2370 exemplorum

171 2387 412 2430 imitatione
447 2382 633 2427 Romani
674 2386 826 2441 poetae
854 2396 940 2427 non
970 2384 1110 2428 solum
1139 2395 1247 2427 suae
1274 2383 1356 2428 sed
1382 2385 1643 2442 posterioris

172 2460 298 2518 etiam
339 2456 502 2502 aetatis
541 2455 738 2513 plausum
779 2457 989 2513 tulerunt,
1031 2455 1215 2514 denique
1252 2454 1643 2501 etiam'secundum

173 2543 366 2574 normam
403 2527 711 2586 magistrorum
749 2541 923 2573 suorum
963 2540 1040 2586 ea,
1084 2541 1197 2587 quae
1233 2528 1434 2573 Romana
1462 2527 1642 2573 historia

172 2602 440 2647 confluebat,
465 2602 723 2659 argumenta
773 2601 929 2646 idonea
975 2604 1021 2644 in
1063 2613 1275 2646 novarum
1319 2600 1640 2658 tragoediarum

172 2676 356 2720 formam
383 2673 660 2731 redegerunt.
699 2671 834 2718 Cuius
861 2674 990 2732 quasi
1018 2676 1143 2732 viae,
1172 2686 1303 2732 quam
1321 2675 1412 2728 tota
1432 2675 1640 2733 ingressa

171 2750 241 2792 est
278 2745 395 2806 apud
435 2745 658 2792 Romanos
699 2745 932 2804 tragoedia
946 2777 959 2803 ,
1004 2748 1106 2805 ipsa
1133 2745 1320 2805 quodam
1346 2746 1473 2794 modo
1500 2747 1640 2793 nostri
