1824 3208
900 79 967 124 18

362 204 472 249 Inde
501 200 780 247 Cithaeronis
806 202 956 247 timido
984 201 1095 261 pede
1121 204 1256 248 currit
1283 205 1329 248 in
1358 217 1498 265 arces,

359 275 463 320 Nox
488 276 584 319 erat
610 276 656 318 et
684 286 845 333 sparso
873 278 999 320 triste
1025 274 1166 319 cubile
1192 276 1310 333 gelu.

361 346 514 407 Saepe
540 358 663 406 vago
686 346 838 407 vAsopi
866 350 1009 395 sonitu
1036 350 1232 408 permota
1258 347 1432 397 fluentis

362 419 583 466 credebat
608 420 810 466 dominae
838 434 951 479 pone
979 424 1131 465 venire
1158 420 1308 481 pedes.

300 494 427 541 Duos
454 493 615 540 choros
641 494 872 540 induxisse
899 494 1150 554 Euripidem
1178 493 1386 540 dIscimus
1415 509 1471 543 ex
1499 497 1666 545 scholio

195 566 437 613 Cobetiano
477 568 522 610 in
558 567 664 610 Eur.
702 567 838 626 Hipp.
876 565 982 612 62:
1029 567 1093 616 αἱς
1133 564 1207 611 καὶ
1248 565 1291 612 ἐν
1329 567 1543 631 Ἂντιόπη
1584 568 1664 616 δύο

194 638 378 703 χοροὺς
416 637 582 698 εἰςάγει
622 636 704 684 τὸν
744 641 963 701 Θηβαίων
1005 638 1228 702 ’γερόντων
1283 640 1441 687 διόλου
1480 641 1665 689 καὶτὸν

197 713 317 777 μετὰ
352 714 539 774 Δίρκης.
601 711 723 767 Quos
762 725 894 758 senes
930 713 1177 773 Amphion,
1219 728 1345 773 quum
1383 715 1576 761 fortasse
1612 715 1668 761 de

195 789 386 833 musicae
415 786 651 831 virtutibus
688 788 946 845 cecinisset,
989 786 1106 845 quod
1144 789 1202 831 sit
1228 788 1425 832 mirabile
1452 788 1668 846 quoddam

196 860 354 904 animal
391 858 520 918 quasi
560 859 760 915 aenigma
797 859 973 903 solvere
1001 859 1145 917 iubet,
1187 860 1302 918 apud
1331 859 1584 906 Ciceronem
1613 859 1669 904 de

195 932 333 976 divin.
362 930 422 988 2,
449 926 556 975 64.:
583 930 725 990 „Nam
752 931 1036 975 Pacuvianus
1064 930 1276 989 Amphio:

257 1003 303 1048 1.
359 1002 622 1061 Quadrupes
648 1001 907 1061 tardigrada
937 1003 1129 1061 agrestis
1157 1002 1329 1049 humilis
1355 1006 1529 1063 aspera,

360 1073 517 1135 Capite
543 1076 693 1134 brevi,
721 1079 897 1121 cervice
922 1078 1135 1135 anguina,
1163 1077 1374 1136 adspectu
1401 1079 1525 1134 truci,

350 1149 641 1205 Eviscerata‚
670 1148 877 1208 inanima,
904 1161 999 1193 cum
1026 1141 1199 1194 animali
1236 1164 1360 1208 sono,

200 1238 331 1282 quum
362 1221 549 1266 dixisset
577 1222 832 1279 obscurius,
859 1224 949 1266 tum
977 1222 1122 1266 Astici
1147 1224 1428 1282 respondent:

366 1292 465 1353 [Ita
490 1294 701 1353 septuose
728 1293 860 1338 dictio
889 1294 971 1338 abs
999 1294 1044 1337 te
1070 1293 1213 1354 datur,

363 1364 496 1421 Quod
521 1361 770 1409 coniectura
798 1366 979 1423 sapiens
1005 1378 1142 1423 aegre
1168 1366 1381 1426 contuit]:

361 1437 463 1483 Non
488 1437 771 1495 intelligimus
785 1469 799 1496 ,
825 1440 912 1482 nisi
941 1440 1092 1495 aperte
1121 1438 1299 1484 dixeris.

197 1513 261 1558 At
289 1512 364 1556 ille
390 1524 477 1555 uno
504 1511 671 1555 verbo:

453 1582 666 1628 Testudo.

307 1656 407 1701 Non
444 1659 624 1715 poteras
664 1655 749 1700 hoc
782 1655 917 1712 igitur
956 1667 985 1699 a
1022 1657 1261 1715 principio,
1303 1657 1532 1700 citharista
1545 1689 1558 1713 ,
1600 1656 1672 1700 di-

198 1740 300 1773 cere
310 1724 366 1772 2⁴⁴

310 1799 436 1855 Quae
462 1801 602 1846 verba
629 1801 755 1845 uncis
782 1799 1037 1843 inclusimus
1066 1794 1172 1858 [ap.
1193 1798 1307 1843 Non.
1325 1813 1371 1842 v.
1401 1801 1672 1858 septuose

196 1872 305 1917 vide
332 1872 499 1934 supra]
525 1872 628 1916 huic
653 1872 753 1916 loco
781 1872 1018 1916 convenire
1044 1873 1148 1930 puto
1185 1872 1434 1929 aptissime,
1482 1883 1672 1929 sequen-
1701 1860 1707 1872 ¹

196 1949 285 1991 tem
329 1948 472 1990 autem
509 1957 689 1989 versum
726 1943 1015 1989 dubitaverim
1062 1946 1219 2003 poetae
1256 1943 1386 2000 dare,
1444 1957 1572 2001 quum
1615 1956 1672 1987 ex

198 2018 404 2062 memoria
440 2016 645 2070 videatur
684 2013 837 2060 Cicero
873 2015 1040 2059 afferre.
1105 2015 1280 2061 Primus
1317 2027 1477 2061 versus
1511 2017 1673 2074 legitur

199 2090 327 2134 etiam
354 2089 473 2150 apud
503 2089 811 2135 Tertullianum
842 2088 900 2133 de
926 2089 1059 2146 pallio
1086 2086 1135 2132 3.

314 2160 567 2208 Sermonem
603 2163 739 2221 igitur
771 2161 1031 2207 habentibus
1063 2159 1310 2220 Amphione
1338 2162 1382 2205 et
1408 2160 1541 2207 choro
1567 2161 1671 2206 An-

200 2234 320 2303 tiopa
347 2234 539 2280 advenit.
595 2233 733 2281 Cuius
771 2235 831 2280 ad
857 2234 1159 2280 adolescentes
1186 2233 1298 2279 haec
1323 2233 1484 2280 fuerint
1508 2234 1669 2280 verba:

259 2305 307 2351 2.
374 2332 426 2340 —
457 2332 512 2341 —
539 2308 721 2354 Perdita
747 2309 913 2354 inluvie
938 2310 1068 2368 atque
1094 2308 1320 2353 insomnia.

258 2379 309 2425 3.
369 2379 592 2426 Frendere
618 2385 772 2428 noctes
798 2384 958 2426 misera
985 2394 1098 2440 quae
1123 2380 1339 2440 perpessa
1364 2392 1475 2425 sum.

256 2452 305 2497 4.
456 2452 671 2511 .Fruges
696 2454 851 2499 frendo
878 2454 978 2498 sola
1005 2456 1104 2498 saxi
1130 2453 1302 2498 robore.

258 2528 304 2572 5.
371 2525 758 2584 Minitabiliterque
783 2529 1011 2583 increpare
1037 2524 1167 2570 dictis
1194 2526 1347 2570 saevis
1374 2523 1546 2582 incipit:

313 2598 370 2644 de
396 2598 535 2644 atroci
563 2609 651 2657 qua
679 2600 725 2642 in
752 2596 878 2643 domo
915 2596 1071 2641 Dirces
1099 2609 1183 2642 usa
1212 2599 1280 2658 sit
1295 2595 1480 2641 fortuna.
1549 2595 1668 2642 For-

202 2674 327 2715 tasse
351 2670 437 2716 huc
463 2672 591 2716 etiam
619 2670 805 2729 pertinet
829 2667 947 2727 quod
973 2670 1052 2713 est
1069 2668 1185 2727 apud
1204 2666 1454 2715 Ciceronem
1475 2667 1667 2714 adFam.

203 2740 262 2802 9,
290 2740 394 2799 28„
421 2754 509 2789 non
536 2741 685 2789 addito
715 2742 907 2788 auctoris
934 2740 1124 2787 nomine.
