1824 3208
903 81 971 136 22

195 208 312 258 lump.
334 217 370 253 p.
400 207 486 243 166:
526 207 576 242 lta
598 210 685 255 sept.
722 206 825 243 dictio
855 218 875 244 a
911 207 984 243 Deo
1019 207 1139 250 datur,
1174 205 1250 247 Quo
1285 213 1519 246 consecutura,
1539 207 1675 253 sapiens

197 281 303 318 aegre
325 257 471 307 contuat.
516 270 570 306 Ad
594 269 659 305 Dei
683 269 854 317 quoddam
888 282 1088 318 responsum
1110 270 1282 314 referunt,
1324 272 1417 317 quod
1448 283 1522 307 cum
1559 257 1674 306 nostra

201 334 313 368 fabula
337 333 417 378 quid
441 333 491 367 rei
513 332 636 368 babeat
658 344 726 368 non
751 333 865 370 video.
914 334 1026 375 Quare
1048 334 1162 379 priore
1184 343 1285 367 versu
1309 343 1378 368 non
1400 339 1527 369 mutato
1550 335 1585 368 in
1605 343 1676 379 po-

201 397 343 431 steriore
367 406 430 441 pro
453 401 783 439 consecutura,
808 396 947 443 quodin
968 396 1138 439 librisest,
1163 394 1242 442 lege
1266 396 1560 439 coniectura,
1584 396 1676 444 quod

195 458 318 493 Botbio
341 459 496 502 debetur,
510 455 578 494 'aut
600 464 905 503 consecutum,
929 460 1020 507 quod
1041 470 1142 506 quum
1165 468 1311 504 sequens
1337 459 1538 495 vocabulum
1565 471 1583 494 a
1609 468 1676 496 §a

197 523 374 567 inciperet·
387 527 448 559 m
470 521 580 558 littera
605 533 667 569 per
690 518 926 568 compendium
950 523 1074 570 scripta
1096 521 1302 568 s—tsssa-)
1326 520 1426 557 facile
1445 523 1567 558 exillo
1583 523 1676 558 nasei

199 588 321 631 potuit.
371 585 568 623 Contuo.
587 597 650 630 pro
674 591 879 622 contuor
913 587 1041 623 Ennius
1065 587 1149 622 dixit
1171 585 1291 620 Medea
1313 585 1404 630 apud
1427 585 1526 626 Both.
1550 587 1592 621 fr.
1617 586 1674 624 6.:

197 648 338 684 Coelum
363 660 403 684 ac
426 640 532 684 terras
554 653 705 684 contues.
751 647 883 689 Quodsi
917 649 1141 697 consulit
1162 647 1258 683 malis
1281 648 1448 690 retinere,
1471 658 1539 696 non
1569 659 1675 694 repu-

197 712 312 758 gnabo
335 713 490 759 equidem
503 737 513 753 ,
536 712 567 746 si
589 711 634 747 ad
657 712 874 759 excogitandi
896 713 1066 748 notionem
1090 709 1256 748 concedas
1279 710 1455 747 accedere.

288 775 322 810 2.
354 775 456 820 Apud
480 773 667 810 charisium
697 776 727 809 1.
754 787 788 821 p.
814 775 882 819 78,
915 776 974 810 ubi
1005 776 1170 809 insomnia
1194 774 1346 820 vigiliam
1371 773 1553 820 significari
1583 774 1675 809 dicit.

292 836 326 872 3.
361 837 448 871 Non.
471 843 525 873 v.‘
541 837 559 872 f
566 848 751 873 ramere
785 843 821 873 et
850 837 1093 891 f‘rendere.
1141 836 1279 873 Bothius
1302 836 1442 872 Emend.
1478 835 1563 871 Non.
1590 835 1675 870 Mus.

201 899 308 938 Rhen.
341 899 382 935 V.
407 900 496 938 2722
544 900 677 945 ‚,male‚
713 902 842 948 inquit,
876 901 999 939 codd.:
1037 912 1174 947 quas,
1222 902 1318 947 quasi
1352 905 1468 936 noctes
1504 899 1675 941 deflesset,

200 965 302 998 immo
326 969 498 999 noctes
521 964 689 1010 significat
711 970 862 1007 noctu,
898 964 1061 1010 flevitque
1083 963 1232 1008 Antiopa
1265 964 1439 998 misera
1471 974 1556 1005 sua,
1595 964 1617 997 i.
1644 974 1675 997 e.

200 1026 354 1060 miserias
377 1026 490 1072 (quod
514 1032 566 1061 est
589 1028 624 1062 in
646 1038 709 1064 ms.
735 1028 879 1072 Fabri);
902 1026 959 1065 ed.
988 1026 1101 1062 1480:
1126 1027 1267 1060 miseras
1291 1036 1385 1072 quas.

292 1090 328 1126 4.
363 1089 401 1126 L.
426 1101 456 1127 c.
481 1101 517 1135 p.
543 1091 635 1125 44⁷:
673 1092 868 1132 „Frendere
892 1090 1014 1126 alicubi
1039 1100 1114 1125 cum
1137 1090 1264 1136 gemitu
1288 1089 1346 1125 vel
1368 1089 1540 1124 iracundia
1563 1090 1672 1124 mise-

198 1163 274 1186 rum
298 1157 356 1186 aut
377 1154 490 1187 minax
513 1164 666 1188 sonarem
715 1154 798 1189 Tum
822 1154 931 1188 allatis
956 1164 1000 1188 ex
1022 1153 1166 1199 Virgilio
1200 1153 1356 1198 exemplo
1393 1158 1429 1186 et
1451 1152 1544 1198 quod
1568 1152 1671 1187 modo

200 1216 440 1261 proposuimus
475 1215 615 1252 Pacuvii
649 1217 837 1265 fragmento
873 1222 942 1253 tres
976 1216 1106 1262 profert
1136 1215 1231 1261 locos
1244 1242 1255 1258 ,
1289 1220 1367 1251 ante
1391 1227 1476 1262 quos
1507 1215 1676 1251 excidisse

204 1278 335 1324 aliqua,
360 1279 481 1324 quibus
504 1279 630 1315 Nonius
654 1280 738 1315 haec
762 1292 781 1315 a
805 1281 918 1326 priore
940 1279 1118 1314 frendendi
1141 1280 1279 1314 notione
1303 1280 1522 1324 separaverit,
1547 1279 1674 1324 proba-

199 1340 359 1375 bilissima
383 1345 435 1375 est
458 1340 571 1377 Vossii
595 1343 786 1379 coniectura
801 1369 811 1386 ‚
833 1354 934 1389 quum
958 1341 1013 1377 hic
1036 1342 1149 1387 potius
1168 1341 1346 1388 frangendi
1369 1342 1449 1377 insit
1462 1342 1673 1388 significatio.

197 1401 354 1438 Ceterum
377 1408 527 1439 nostrum
550 1404 672 1447 locum,
698 1418 798 1452 quem
809 1406 979 1440 Mercerus
1003 1406 1053 1439 sic
1075 1404 1234 1439 exhibete
1272 1405 1407 1451 „Fruge
1431 1405 1553 1439 frendo
1571 1405 1674 1448 solas,

198 1476 239 1500 ac
263 1467 313 1501 sic
337 1466 507 1511 probore“
529 1468 633 1502 variis
655 1469 765 1503 modis
798 1472 1012 1503 tentaverunt
1034 1468 1098 1502 viri
1124 1468 1224 1502 docti.
1270 1467 1341 1502 Nos
1366 1467 1583 1502 Welckerum
1614 1477 1673 1502 se-

200 1530 268 1563 cuti
292 1540 419 1568 sumus.
464 1529 569 1565 Plane
591 1530 708 1565 similis
731 1536 784 1565 est
806 1532 864 1578 qui
886 1532 996 1566 statim
1020 1531 1171 1576 sequitur
1194 1529 1278 1564 Attii
1302 1540 1346 1565 ex
1361 1528 1548 1565 Troadibus
1561 1530 1676 1565 locus:

198 1594 289 1627 Saxo
311 1594 429 1639 fruges
451 1594 584 1631 frendo.
629 1594 753 1629 Fabam
776 1595 935 1629 frendere
959 1595 1043 1629 dixit
1065 1595 1166 1629 etiam
1187 1593 1294 1628 Varro
1318 1593 1376 1637 (R.
1399 1594 1442 1631 R.
1467 1596 1513 1638 2,
1536 1594 1570 1629 4.
1600 1593 1678 1639 1⁷.)

200 1656 311 1691 fabam
335 1656 458 1692 fresam
483 1656 668 1693 Columella
691 1656 745 1703 (2,
773 1658 826 1692 12.
853 1659 904 1703 7.)

294 1721 328 1756 5.
366 1721 453 1755 Non.
478 1733 513 1766 p.
540 1719 630 1756 139:
665 1721 1023 1756 Minitabiliter
1047 1730 1109 1766 pro
1132 1721 1305 1755 minaciter
1329 1745 1340 1755 .
1365 1745 1375 1756 .
1399 1745 1410 1755 .

292 1782 327 1818 6.
362 1783 449 1818 Vide
483 1794 569 1830 quae
603 1795 705 1830 supra
738 1785 782 1819 de
817 1784 882 1820 hoc
915 1795 1018 1820 versu
1052 1783 1195 1818 diximus
1212 1808 1221 1824 ‚
1258 1783 1316 1829 qui
1349 1786 1401 1816 est
1439 1793 1492 1828 ap.
1523 1782 1608 1817 Non.
1636 1794 1671 1819 v.

199 1857 220 1881 a
232 1857 250 1881 r
259 1857 293 1881 m
307 1857 328 1881 e
338 1857 361 1881 n
372 1851 386 1880 t
397 1857 428 1881 a.

292 1910 325 1943 7.
361 1909 516 1946 Diomed.
547 1908 577 1946 ί.
603 1920 640 1955 p,
663 1908 733 1944 336
758 1909 932 1954 (Putsch.)

290 1970 325 2006 8.
361 1971 469 2007 Varro
493 1973 537 2008 de
560 1983 587 2007 r.
611 1983 640 2010 r.
667 1972 699 2015 1,
723 1972 766 2007 2:
802 1972 949 2012 „Verum
973 1977 1026 2007 est
1049 1972 1138 2007 enim
1162 1971 1244 2007 illud
1268 1971 1431 2007 Pacuvii:
1459 1971 1511 2007 sol
1535 1972 1565 2007 si
1587 1983 1671 2018 per-

196 2040 301 2080 petuo
326 2036 393 2078 sit,
417 2041 475 2070 aut
498 2047 565 2072 nox
579 2063 589 2079 ,
623 2035 777 2072 flammeo
800 2047 929 2082 vapore
954 2041 1011 2070 aut
1036 2036 1164 2082 frigore
1188 2041 1298 2070 terrae
1321 2035 1447 2071 fructus
1471 2046 1588 2071 omnes
1612 2037 1669 2071 in-

196 2100 331 2136 terite«
381 2100 475 2135 Idem
499 2100 544 2135 de
568 2101 593 2135 l.
618 2100 654 2135 L.
680 2099 716 2143 6,
739 2099 763 2135 6
787 2100 939 2145 (ΜῡΙΙ.)ε
977 2109 1088 2140 nnox,
1123 2099 1215 2148 quod
1249 2104 1286 2133 ut
1321 2098 1457 2134 Catulus
1481 2099 1669 2146 (Scaligerz

197 2159 383 2208 Pacuvius)
406 2165 471 2207 ait,
496 2164 628 2207 omnia,
652 2164 717 2198 nisi
741 2163 942 2198 interveniat
964 2163 1036 2203 sol,
1060 2162 1180 2209 pruina
1206 2162 1434 2209 obriguerint,
1457 2163 1549 2209 quod
1570 2166 1673 2200 nocet

196 2234 298 2258 nox.»
334 2226 453 2261 Festus
476 2238 509 2272 p.
525 2226 596 2262 352
608 2227 754 2271 (ΜῦΙΙ.)ε
779 2232 932 2267 „torrens
956 2226 1185 2272 principaliter
1208 2236 1270 2272 pro
1294 2237 1438 2261 exurens
1459 2226 1607 2272 ponitur,
1632 2230 1670 2259 ut

196 2292 251 2321 est
274 2288 365 2332 apud
388 2288 569 2325 Pacuvium
598 2291 633 2325 in
656 2290 823 2336 Antiopa:
866 2290 1039 2324 Flammeo
1072 2299 1201 2334 vapore
1237 2295 1367 2323 torrens
1402 2294 1514 2322 terrae
1541 2288 1667 2323 foetum

195 2350 397 2387 exusserit«
444 2351 570 2388 Eadem
601 2353 702 2388 habet
735 2354 856 2388 Isidor.
883 2352 976 2399 Orig.
1002 2353 1065 2395 13,
1099 2351 1157 2388 21.
1205 2352 1336 2387 Verba:
1371 2352 1519 2390 „fructus
1551 2361 1666 2386 omnes

198 2414 360 2449 interit-eu
392 2424 460 2448 non
496 2427 572 2451 esse
604 2416 762 2460 Pacuvii,
794 2417 855 2452 sed
879 2427 899 2451 a
923 2416 1073 2451 Varrone
1105 2416 1218 2451 addita
1241 2416 1339 2450 facile
1372 2415 1491 2449 credas
1513 2414 1667 2450 Dacerio.

191 2474 322 2511 Versus
344 2478 597 2513 reconcinnavit
621 2478 660 2514 Ο.
685 2480 890 2516 Ribbeckius
915 2478 1108 2515 Coniectan.
1131 2490 1168 2525 p.
1193 2479 1213 2514 7
1227 2504 1238 2522 ,
1268 2488 1368 2525 quem
1394 2477 1475 2512 vide
1498 2477 1542 2513 de
1565 2480 1665 2514 tertio

193 2548 295 2575 versu
318 2541 557 2588 disputantem.

290 2603 325 2642 9.
357 2605 440 2643 Mar.
465 2605 630 2642 Victoria.
658 2617 688 2641 α.
714 2606 822 2643 Gram.
847 2608 882 2645 2.
906 2619 940 2654 p.
965 2606 1078 2650 2522,
1102 2617 1202 2653 quem
1227 2606 1338 2641 locum
1361 2609 1465 2640 totum
1489 2605 1582 2641 iuvat
1599 2616 1663 2640 ex-

193 2666 354 2705 scribere.
403 2670 497 2706 „Hoc
519 2670 596 2707 loco
621 2671 753 2713 dicam,
780 2682 840 2707 cur
863 2681 965 2718 quum
989 2672 1056 2706 sint
1078 2671 1166 2706 duae
1189 2669 1338 2717 periodi,
1362 2680 1423 2704 seu
1446 2671 1580 2706 stasima
1594 2695 1603 2711 ,
1627 2673 1665 2703 ut

192 2731 329 2777 quidam
353 2740 493 2777 vocant,
517 2736 589 2782 pari
614 2737 700 2770 inter
726 2745 765 2770 se
786 2734 1023 2781 coniugatione
1046 2727 1226 2780 copulata,
1251 2732 1390 2768 alterum
1413 2739 1554 2769 vocetur
1577 2742 1661 2766 ana-

190 2796 389 2840 paeszicum,
410 2796 548 2834 alterum
574 2798 786 2844 dactylicum,
812 2809 914 2844 quum
939 2807 1046 2843 aeque
1071 2797 1104 2832 in
1129 2802 1272 2843 utroque
1296 2797 1417 2834 cadant
1431 2797 1524 2834 mixti
1539 2795 1660 2841 dacty-
