1824 3208
225 196 440 242 silentium
484 196 665 240 reditum
712 196 946 254 aliquando
985 208 1037 242 se
1066 198 1316 256 paraturam
1352 199 1561 255 promittit
1588 199 1703 258 apud

226 269 479 328 Euripidem
492 303 504 326 ‚
532 268 750 313 retulerim
778 268 911 315 haec:
1307 299 1326 317 ι

286 340 364 388 16.
432 376 442 386 .
473 374 483 385 .
514 375 524 385 .
566 340 625 386 Ut
658 343 743 386 ista
786 345 887 388 sunt
923 345 1154 403 promerita
1192 342 1370 400 vestra,
1417 348 1703 405 aequiparare

1078 419 1127 461 ut
1153 427 1306 474 queam

414 488 598 548 Vereor,
610 491 695 533 nisi
704 490 929 546 numquam
953 490 1137 535 fatiscar
1153 489 1299 533 facere
1312 487 1428 546 quod
1442 491 1572 548 quibo
1590 492 1701 537 boni.

338 560 488 605 Nuntii
528 574 638 620 quae
673 561 786 605 dixit
821 560 878 605 de
916 562 1047 620 fuga,
1084 563 1197 607 haec
1232 560 1436 605 videntur
1474 563 1574 607 sola
1600 577 1703 610 esse

224 634 421 692 reliqua:

286 707 365 751 17.
433 708 508 750 Nil
537 707 785 751 coniectura
816 709 937 764 quivi
965 709 1289 767 interpretarier

435 779 652 834 Quorsum
681 778 886 824 flexivice
915 780 966 825 se
993 779 1272 825 contenderet
1298 805 1353 814 —
1381 805 1438 816 -

227 856 311 898 nisi
349 853 467 912 quod
502 866 558 896 ex
604 853 803 897 Pacuvio
840 853 966 897 affert
1003 853 1260 898 Priscianus
1292 851 1370 897 10.
1398 867 1440 912 p.
1468 852 1572 899 88?
1599 852 1700 913 (P)

226 927 310 970 huc
326 928 496 970 statuas
509 928 732 985 spectare:
746 926 796 969 ln
808 927 937 970 turba
947 923 1093 971 Oresti
1105 927 1296 983 cognita,
1307 919 1472 984 agnota
1481 931 1551 973 est
1564 941 1701 972 soror.
1769 975 1773 979 ,

227 997 399 1043 Orestis
428 1001 599 1043 nomine
628 998 778 1044 audito
808 999 1055 1042 exclamare
1085 999 1259 1043 videtur
1286 999 1455 1043 Thoas:

285 1069 363 1115 18.
745 1071 929 1115 Hiccine
956 1073 997 1116 is
1027 1071 1117 1128 est,
1147 1084 1271 1130 quem
1301 1072 1441 1117 famae
1469 1074 1617 1131 gratia

426 1144 546 1188 Ante
574 1145 712 1188 omnis
742 1144 938 1188 nobilitat
966 1139 1127 1188 viros?

342 1217 567 1274 Profugos
593 1218 798 1275 persequi
826 1217 987 1261 statuit.
1032 1215 1154 1271 Quos
1170 1220 1460 1276 consecutus,
1482 1220 1700 1261 auctorem

227 1293 434 1335 facinoris
475 1288 695 1346 Orestem,
734 1302 790 1332 ne
818 1290 944 1332 simui
973 1289 1209 1347 Iphigenia
1237 1303 1365 1334 soror
1392 1290 1520 1334 modo
1551 1293 1703 1347 agnita

227 1367 270 1409 et
298 1364 463 1408 amicus
492 1360 690 1420 Pylades
718 1372 799 1407 sua
826 1372 966 1420 poena
982 1364 1207 1419 vacarent,
1235 1375 1361 1420 quum
1382 1364 1533 1421 punire
1553 1362 1702 1420 vellet,

224 1440 321 1480 uter
359 1448 507 1479 eorum
543 1435 602 1477 sit
643 1432 827 1477 Orestes
864 1436 1050 1492 ignorat.
1107 1434 1289 1478 Veniam
1327 1436 1437 1493 petit
1464 1436 1700 1478 amicorum

224 1510 359 1553 alter:

286 1578 364 1625 19.
433 1613 443 1623 .
474 1612 485 1623 .
516 1612 526 1622 .
556 1580 748 1623 Primum
777 1578 860 1622 hoc
890 1579 971 1622 abs
1002 1581 1045 1623 te
1073 1592 1150 1623 oro
1165 1611 1178 1638 ,
1204 1580 1248 1622 ni
1277 1583 1320 1622 te
1346 1579 1653 1624 inexorabilem

430 1653 592 1710 Faxis‚
620 1654 665 1695 ni
692 1653 909 1711 turpassis
930 1651 1188 1696 vanitudine
1214 1652 1397 1695 aetatem
1425 1653 1553 1697 tilam.

429 1722 558 1781 'Oro‚
587 1726 691 1768 nive
717 1724 870 1769 flectas
899 1723 1021 1768 fandi
1050 1727 1106 1768 mi
1133 1723 1497 1783 prolixitudinem.

341 1797 450 1842 Tum
478 1796 584 1841 illud
613 1797 960 1841 celeberrimum:

828 1868 1024 1927 Pylades

282 1944 364 1991 20.
444 1944 547 2002 Ego
576 1957 670 1988 sum
703 1940 900 2001 Orestes,

833 2013 1017 2059 Orestes

422 2083 569 2135 'Immo
597 2092 708 2134 enim
737 2102 845 2133 vero
876 2098 961 2146 ego
991 2100 1109 2142 sum,
1137 2088 1333 2145 inquam,
1364 2085 1559 2131 Orestes.

343 2164 441 2218 Qua
469 2166 598 2207 animi
628 2163 924 2220 generositate
951 2159 1058 2203 nihil
1087 2163 1201 2204 moto
1230 2170 1338 2216 rege

825 2233 1019 2292 Uterque

427 2342 438 2352 .
468 2342 478 2352 .
506 2312 525 2352 .’
548 2309 691 2353 Ambo
720 2319 828 2365 ergo
857 2318 942 2351 una
971 2307 1167 2350 necarier
1195 2306 1419 2362 precemur
1447 2337 1458 2349 .
1487 2337 1497 2348 .
1526 2335 1537 2347 .

340 2382 526 2430 Solatur
554 2381 749 2439 Pylades
777 2383 985 2425 amicum:

284 2456 366 2500 21.
433 2454 534 2499 Non
564 2456 682 2497 vetet
706 2456 889 2497 animum
913 2450 1187 2510 aegritudine
1213 2452 1324 2494 inre
1342 2460 1525 2507 crepera
1539 2448 1702 2505 confici,

230 2541 352 2586 quem
380 2532 522 2573 tamen
552 2528 600 2571 ut
628 2526 714 2571 sibi
743 2526 941 2571 consulat
968 2536 1142 2569 monere
1170 2535 1305 2581 seque
1332 2524 1379 2566 ut
1398 2520 1555 2579 prodat
1574 2521 1704 2566 vide-

227 2604 300 2645 tur
329 2601 550 2645 adhortari
581 2598 789 2644 Orestes:

286 2674 368 2717 22.
434 2674 587 2718 Nonne
627 2674 805 2718 officium
848 2674 1007 2730 fungar
1046 2670 1195 2727 vulgi,
1234 2673 1363 2727 atque
1402 2668 1536 2726 aegre
1565 2668 1704 2713 male-

1080 2744 1238 2787 factum
1267 2737 1441 2786 seram?
