1856 3107
909 46 943 117 3

308 203 460 258 Neque
488 198 688 242 abhorret
719 199 773 242 ab
805 198 886 241 liae
915 198 1190 257 simplicitate
1218 201 1261 242 et
1289 197 1502 242 modestia
1520 198 1664 255 aliqua

197 282 239 323 in
273 284 469 320 sermone
508 271 697 315 libertas.
752 271 858 315 Fert
900 274 1011 315 enim
1039 274 1141 330 ipsa
1170 283 1316 316 seeum
1344 271 1493 315 talium
1523 269 1666 331 homi-

196 347 295 394 num·
322 347 495 400 natura,
524 347 587 402 ut,
615 343 965 403 quemadmodum
994 356 1153 388 severe
1181 343 1236 387 de
1266 344 1514 403 semetipsis
1544 342 1663 387 iudi-

196 422 316 475 cant,
360 420 423 462 ita
464 418 563 461 aliis
602 432 685 462 non
714 417 841 463 modo
869 430 956 464 non
983 417 1233 473 adulentur,
1274 415 1377 472 sed,
1423 416 1566 475 siquid
1595 420 1665 460 est

195 495 238 538 in
266 493 322 535 iis
352 489 685 549 reprehensione
714 490 905 547 dignum,
927 490 1150 533 'liberrime
1177 487 1471 547 profiteantur.
1508 490 1663 548 ltaque

194 563 320 621 illud,
347 562 459 623 quod
487 564 671 620 legimus
699 562 814 620 apud
843 561 1026 607 Gellium
1056 561 1128 620 [n.
1158 573 1197 605 a.
1224 560 1303 619 13,
1332 560 1432 619 2.),
1461 565 1545 606 utri
1560 563 1660 620 plus

195 629 350 694 laudis,
370 636 565 680 Pacuvio
594 646 649 676 an
678 635 799 677 Attio
820 635 985 692 afferat,
1015 636 1144 693 plane
1164 636 1352 678 nescias.
1393 632 1508 679 Sunt
1526 636 1666 679 verba

196 707 327 753 Gellii
356 708 477 752 haec.
535 706 672 766 „Cum
703 708 952 763 Pacuvius,
982 706 1140 764 grandi
1170 710 1256 750 iam
1286 708 1431 750 aetate
1452 709 1496 750 et
1515 707 1665 751 morbo

195 784 390 841 corporis
425 780 590 824 diutino
627 779 829 836 affectus»,
871 778 1100 822 Tarentum
1141 791 1197 822 ex
1234 779 1341 823 urbe
1378 779 1522 823 Roma
1553 790 1666 823 con-

196 856 428 909 cessisset,
457 853 624 911 Attius,
671 854 759 896 tum
789 851 905 896 haud
933 863 1072 910 parvo
1101 853 1264 909 iunior,
1305 851 1590 910 proficiscens
1619 854 1664 896 in

195 928 373 983 Asiam,
412 938 506 969 eum
533 926 578 968 -in
606 924 807 983 oppidum
837 926 1052 980 venisset,
1094 924 1283 968 devertit
1311 924 1367 967 ad
1398 925 1665 982 Pacuvium3

195 1001 456 1058 comiterque
494 999 729 1053 invitatus,
772 997 1066 1054 plusculisque
1107 997 1163 1041 ab
1192 1009 1244 1041 eo
1273 997 1427 1042 diebus
1455 1001 1663 1057 retentus,

197 1071 468 1130 tragoediam
497 1083 639 1126 suam,
666 1070 736 1112 cui
767 1068 932 1112 Atreus
959 1081 1113 1112 nomen
1141 1072 1232 1126 est,
1264 1069 1525 1113 desideranti
1547 1072 1668 1128 legit.

197 1145 304 1189 Tum
340 1144 583 1188 Pacuvium
612 1141 780 1185 dixisse
810 1142 949 1198 aiunt,
1004 1154 1167 1185 sonora
1195 1141 1364 1199 quidem
1393 1155 1519 1200 esse,
1556 1155 1669 1201 quae

197 1217 473 1275 scripsisset,
517 1216 560 1258 et
588 1212 798 1271 grandia,
837 1212 917 1256 sed
946 1212 1088 1257 videri
1117 1225 1170 1256 ea
1198 1216 1340 1258 tamen
1368 1216 1452 1259 sibi
1482 1215 1667 1260 duriora

195 1290 366 1349 paulum
394 1291 437 1333 et
467 1287 704 1333 acerbiora.
760 1287 828 1330 lta
857 1288 945 1344 est,
973 1288 1109 1344 inquit
1135 1286 1308 1344 Attius,
1336 1290 1398 1332 uti
1426 1287 1554 1346 dicis,
1582 1301 1666 1333 ne-

197 1374 280 1420 que
317 1361 363 1405 id
403 1373 511 1405 sane
538 1372 605 1404 me
633 1360 843 1418 poenitet:
887 1359 1065 1402 meliora
1094 1360 1203 1402 enim
1232 1360 1326 1404 fore
1352 1373 1510 1419 spero,
1550 1374 1664 1419 quae

199 1434 402 1492 deinceps
444 1434 642 1478 scribam.
697 1430 811 1475 Nam
852 1431 966 1489 quod
1013 1435 1056 1475 in
1085 1435 1225 1490 pomis
1255 1436 1344 1489 est,
1388 1433 1555 1490 itidem,
1594 1436 1667 1477 in-

198 1508 308 1565 quit,
337 1518 439 1551 esse
465 1507 582 1550 aiunt
609 1507 654 1549 in
680 1505 893 1562 ingeniis,
937 1516 1047 1562 quae
1075 1504 1184 1549 dura
1212 1507 1256 1549 et
1282 1506 1443 1550 acerba
1471 1518 1665 1551 naseun-

199 1582 293 1637 tur,
320 1582 420 1637 post
447 1579 551 1623 fiunt
577 1579 696 1621 mitia
724 1579 768 1620 et
795 1576 995 1621 iucunda.
1054 1576 1147 1622 Sed
1177 1590 1288 1635 quae
1316 1580 1554 1636 gignuntur
1566 1582 1666 1623 sta-

199 1654 275 1696 tim
311 1653 433 1696 vieta
471 1652 514 1694 et
549 1647 717 1707 mollia,
757 1651 888 1708 atque
926 1652 970 1693 in
1019 1651 1228 1709 principio
1256 1654 1357 1696 sunt
1383 1650 1540 1711 uvida,
1578 1666 1666 1697 non

200 1727 367 1768 matura
394 1739 496 1768 mox
526 1724 655 1779 fiunt,
682 1722 761 1766 sed
791 1725 946 1779 putria.
990 1723 1331 1781 Relinquendum
1359 1726 1494 1781 igitur
1520 1727 1666 1769 visum

203 1799 271 1842 est
309 1798 354 1840 in
383 1798 588 1855 ingenio,
631 1794 748 1854 quod
776 1794 885 1840 dies·
900 1796 1029 1854 atque
1057 1797 1183 1841 aetas
1212 1795 1441 1842 mitificet.“
1498 1796 1666 1853 Quibus

203 1884 257 1913 ex
299 1870 451 1913 verbi-s
490 1871 693 1927 quantum
721 1869 948 1912 Pacuvius
977 1870 1032 1911 ab
1062 1869 1371 1914 obtrectatione
1400 1871 1667 1928 artificiique,

203 1952 313 2000 quae
350 1941 533 1999 dieitur,
573 1940 740 1985 invidia
779 1941 985 1998 abfuerit,
1025 1942 1135 1986 satis
1184 1943 1334 1987 elucet.
1392 1941 1669 2002 Quapropter

204 2017 353 2059 mirum
384 2028 492 2059 sane
521 2018 614 2071 est,
655 2013 769 2073 quod
799 2014 982 2058 Bothius
1009 2014 1066 2057 ad
1097 2014 1262 2058 Pacuv.
1291 2017 1446 2073 fragm.
1474 2031 1516 2074 p.
1550 2014 1666 2061 106.

203 2088 442 2133 Pacuvium
478 2088 674 2146 „tandem
713 2087 854 2132 taedio
891 2088 1133 2132 imminutae
1159 2089 1327 2146 gloriae
1355 2094 1398 2133 et
1425 2089 1668 2135 deficientis

205 2160 340 2205 lueri“
377 2160 608 2205 Tarentum
645 2174 696 2205 se
734 2161 971 2205 contulisse
999 2160 1122 2216 dieit3
1165 2174 1302 2218 neque
1331 2165 1499 2218 tamen,
1542 2178 1669 2221 quum

204 2234 357 2279 idoneo
384 2236 496 2278 teste
523 2234 639 2277 nullo
668 2233 939 2278 confirmetur
965 2232 1109 2277 Bothii
1139 2236 1349 2291 suspicio,
1376 2239 1446 2280 est
1460 2248 1540 2280 cur
1568 2235 1669 2279 diu-

206 2309 293 2351 tius
329 2309 373 2351 in
409 2307 492 2351 hae
527 2319 577 2350 re
615 2318 852 2350 versemur.
912 2305 1140 2354 Tarentum
1179 2317 1258 2350 eur
1285 2311 1553 2353 concesserit
1580 2309 1669 2351 alia

207 2379 337 2423 multo
365 2380 631 2438 probabilior
660 2378 804 2425 afferri
833 2381 973 2438 possit
999 2390 1160 2436 causa,
1188 2380 1262 2423 vel
1293 2381 1405 2439 quod
1428 2383 1548 2442 prius
1572 2392 1671 2424 cum

209 2450 350 2496 Ennio
374 2453 448 2498 -hic
475 2454 656 2510 vixerit,
698 2453 772 2496 vel
800 2452 915 2510 quod
942 2454 1120 2510 propter
1148 2466 1366 2510 summos,
1397 2456 1469 2511 qui
1498 2454 1556 2496 ibi
1586 2453 1673 2497 ha-

209 2520 417 2569 bebantur
456 2524 573 2571 ludis
600 2526 784 2570 scenicis
815 2522 1003 2570 honores
1029 2527 1204 2584 praeter
1232 2529 1401 2572 ceteras
1429 2526 1538 2572 haec
1569 2528 1675 2572 urbs

211 2597 252 2640 ei
279 2595 408 2641 suerit
433 2610 550 2644 cm.

1156 2760 1368 2818 ,Η,
