1856 3107
916 101 981 154 ia

321 232 544 289 Virginem
573 246 641 278 me
669 232 880 292 quondam
910 235 1090 279 invitam
1119 235 1201 295 per
1227 236 1315 280 vim
1340 227 1480 280 {rioiat
1501 229 1675 293 Iupiter.

208 307 281 352 Ex
307 303 558 362 Euripideis
586 306 774 351 conferri
799 308 982 364 possunt
1007 306 1165 368 fragm.
1200 309 1245 352 5.
1273 307 1320 352 4.
1352 307 1432 353 12.
1462 306 1509 352 7.

320 376 483 423 Tamen
519 380 567 422 ut
603 391 654 423 se
692 378 874 438 recipiat
906 391 994 423 non
1029 379 1264 438 persuadet
1300 379 1471 441 Zetho,
1524 382 1678 426 contra

207 449 348 508 [quae
385 453 485 495 sunt
520 451 736 510 Propertii
774 451 945 512 verba]
982 451 1260 512 „Amphiona
1294 453 1463 498 mollem
1492 456 1677 514 experta

206 519 315 566 est.-“
369 523 483 568 Hinc
519 524 711 569 fortasse
750 526 863 568 inter
899 524 1121 583 „durum“,
1163 525 1240 582 qui
1280 535 1310 567 a
1336 524 1588 586 Propertio,
1628 529 1675 570 et

203 596 480 654 „severum“,
528 598 601 655 qui
648 596 704 641 ab
742 595 926 641 Horatio
961 600 1148 642 vocatur
1179 595 1371 642 Zethum
1421 595 1672 655 [„trucem“

204 666 311 711 dicit
337 666 508 714 Seneca
533 670 665 713 Herc.
692 669 775 711 tur.
803 665 950 727 91⁵7.)
981 673 1024 714 et
1049 668 1275 728 „mollem“
1300 668 1552 728 Amphiona
1586 684 1671 714 no-

203 738 455 785 bilissimum
482 740 589 785 illud
609 741 880 800 colloquium,
908 741 965 786 de
981 756 1065 801 quo
1088 741 1303 786 Horatius
1323 753 1391 801 ep.
1411 740 1449 800 1,
1469 738 1548 785 18.
1566 738 1672 788 39.:

212 829 214 831 ·
367 813 464 856 Nec
491 816 565 856 tua
590 813 791 858 laudabis
819 815 967 859 studia
992 819 1066 859 aut
1092 815 1236 858 aliena
1263 809 1515 872 reprendes,

367 883 463 929 Nec
491 896 583 929 cum
613 887 767 930 venari
795 887 916 931 volet
942 887 1029 945 Ille,
1050 889 1257 946 vpoemata
1285 896 1470 945 panges.

291 961 294 963 ’
368 955 522 1000 Gratia
551 960 617 1001 sic
644 958 824 1001 fratrum
853 960 1144 1015 geminorum,
1164 958 1434 1016 ‘Amphionis
1464 960 1593 1016 atque

367 1029 523 1089 Zet-hi,-
550 1030 764 1088 dissiluit,
792 1029 932 1073 donec
960 1032 1169 1088 suspecta
1196 1042 1356 1074 severo

366 1100 584 1146 Conticuit
612 1103 725 1158 lyra.
779 1101 1007 1145 Fraternis
1038 1105 1232 1145 cessisse
1257 1104 1431 1160 putatur

365 1173 568 1218 Moribus
595 1172 838 1231 Amphion:
866 1175 912 1217 tu
941 1172 1048 1217 cede
1073 1176 1261 1232 potentis
1290 1174 1421 1223 amici,

364 1246 561 1289 Lenibus
588 1247 789 1303 imperiis.

306 1314 443 1362 Cuius
483 1320 811 1364 controversiae
848 1318 960 1363 hanc
992 1320 1231 1376 putaverim
1267 1319 1406 1364 fuisse
1439 1320 1661 1376 rationem,

194 1393 241 1434 ut
278 1389 449 1434 Zethus
489 1392 773 1435 exacerbatus
808 1402 947 1448 paene
986 1392 1117 1434 nimia
1142 1402 1254 1448 quae
1282 1390 1515 1435 videbatur
1540 1391 1659 1436 Am-

192 1461 365 1520 phionis
393 1475 495 1507 esse
522 1466 565 1508 in
603 1462 886 1522 „fugitivam“
915 1465 957 1506 et
983 1465 1257 1521 peregrinam
1285 1463 1473 1522 aliquam
1501 1465 1659 1508 mulie-

191 1547 282 1578 rem
324 1535 618 1579 misericordia
665 1538 793 1593 atque
835 1536 1084 1591 clementia,
1134 1537 1326 1579 musicae
1369 1537 1440 1579 cui
1481 1548 1657 1593 operam

191 1608 374 1651 navaret
399 1606 482 1651 hoc
507 1609 641 1652 totum
669 1607 900 1664 tribueret,
932 1607 1089 1665 quippe
1117 1619 1229 1665 quae
1255 1607 1427 1655 mollem
1455 1606 1658 1653 redderet

190 1680 370 1722 animum
399 1681 530 1736 atque
556 1681 796 1723 remissum.

301 1751 374 1795 Ex
401 1751 534 1809 locis,
564 1766 672 1811 quos
698 1754 840 1797 statim
870 1750 1044 1796 afferam
1071 1749 1360 1814 Amphionem
1388 1764 1476 1796 non
1501 1751 1656 1800 insola

189 1826 353 1868 musica
388 1823 602 1869 laudanda
638 1827 887 1883 versatum,
925 1822 1002 1868 sed
1040 1824 1215 1867 multum
1243 1825 1375 1880 etiam
1400 1823 1541 1871 fuisse
1568 1833 1656 1882 ap-

188 1899 314 1955 paret
356 1899 401 1941 in
443 1898 683 1955 sapientiae
723 1896 924 1945 laudibus
962 1898 1006 1941 et
1032 1897 1227 1940 virtutis.
1283 1893 1376 1941 Cic.
1406 1894 1463 1941 de
1491 1897 1653 1944 invent,

192 1970 243 2026 1,
272 1969 373 2014 50.:
416 1970 538 2028 „Aut
573 1972 613 2013 si
639 1983 726 2013 non
752 1969 798 2013 id
827 1968 941 2027 quod
971 1968 1251 2012 accusabitur
1277 1967 1502 2013 defendet:
1538 1971 1586 2013 ut
1612 1970 1653 2014 si

187 2042 286 2099 quis
315 2055 443 2099 quum
470 2042 654 2086 ambitus
682 2041 978 2097 accusabitur,
1014 2052 1141 2084 manu
1177 2051 1229 2084 se
1256 2038 1408 2085 fortem
1435 2051 1537 2087 esse
1567 2039 1651 2086 de-

185 2113 354 2171 fendet,
382 2117 430 2157 ut
455 2114 673 2172 AmphIon
700 2112 817 2173 apud
843 2112 1115 2170 Euripidem,
1144 2114 1245 2155 item
1263 2110 1382 2169 apud
1390 2111 1650 2171 Pacuvium,

186 2189 259 2245 qui
287 2187 533 2246 vituperata
560 2188 724 2231 musica
738 2219 751 2246 ,
779 2186 1032 2244 sapientiam
1060 2182 1251 2229 laudat.“
1306 2183 1439 2232 Auct.
1468 2184 1527 2234 ad
1551 2185 1650 2230 He-

184 2271 304 2303 renn.
339 2258 395 2315 2,
421 2259 526 2304 22:
567 2260 674 2304 Item
714 2257 952 2303 verendum
979 2259 1071 2314 est,
1106 2269 1162 2300 ne
1189 2255 1247 2300 de
1273 2256 1362 2304 alia
1386 2269 1438 2301 re
1465 2256 1647 2313 dicatur,

184 2345 312 2389 quum
350 2333 437 2377 alia
473 2332 528 2377 de
566 2345 616 2377 re
653 2332 955 2378 controversia
993 2331 1072 2386 sit3
1109 2331 1238 2388 inque
1264 2328 1509 2378 huiusmodi
1538 2331 1646 2373 vitio

183 2404 541 2450 considerandum
570 2407 662 2466 est,
692 2417 749 2448 ne
777 2406 852 2448 aut
879 2403 937 2447 ad
964 2415 1054 2447 rem
1083 2402 1270 2447 addatur
1283 2401 1401 2461 quid,
1430 2403 1505 2445 aut
1519 2399 1647 2457 quid-

182 2476 298 2534 piam
335 2477 392 2522 de
433 2490 483 2522 re
520 2475 796 2536 detrahatur,
836 2477 913 2520 aut
944 2476 1037 2519 tota
1075 2486 1213 2520 causa
1244 2477 1411 2525 mutata
1446 2474 1490 2517 in
1518 2471 1648 2515 aliam

181 2558 366 2593 causam
396 2548 643 2595 derivetur:
675 2550 738 2593 uti
774 2547 893 2607 apud
927 2547 1168 2595 Pacuvimn
1208 2546 1382 2596 zethus
1407 2557 1534 2599 Cum
1531 2543 1650 2589 Affl-

179 2619 360 2679 phione,
400 2632 582 2681 quorum
615 2622 918 2668 controversia
943 2630 1071 2678 quun
1097 2619 1155 2666 de
1180 2621 1346 2667 musica
1371 2616 1553 2669 inducta
1576 2619 1650 2675 sit,

180 2691 420 2753 disputatio
474 2697 526 2738 in
570 2695 812 2755 sapientiae
853 2693 1064 2740 rationem
1117 2695 1162 2738 et
1209 2692 1384 2737 virtutis
1412 2690 1649 2739 utilitatem

180 2767 509 2818 commmatur.
510 2764 539 2795 ‘⁶

1171 2853 1206 2899 2
1232 2852 1270 2892 ηε
