1824 3208
891 51 961 100 26

293 178 410 223 Huic
448 178 693 235 argumenti
720 188 850 235 quam
878 179 1183 237 proposuimus
1210 180 1369 224 rationi
1396 180 1659 225 conveniunt

179 251 425 310 fragmenta
453 251 687 310 pleraque,
715 249 833 307 quod
860 264 1042 309 prorsus
1058 252 1270 309 repugnet
1286 254 1464 298 invenio
1483 253 1656 298 nullum.

295 323 486 370 Servilis
524 322 626 381 illa,
667 333 799 380 quam
830 322 1053 382 diximus,
1092 322 1264 368 Orestis
1291 323 1479 370 conditio
1515 326 1658 385 qualis

182 399 311 442 tuerit
339 397 569 441 nescimus.
629 395 743 440 Nam
771 408 885 453 quae
914 396 999 442 huc
1026 397 1216 442 referunt
1246 384 1387 441 verba
1415 398 1534 456 apud
1562 398 1661 443 No-

181 472 296 513 nium
326 484 368 528 p.
399 468 530 526 345,
568 480 764 528 quaeque
807 468 1004 514 Naekius
1034 473 1101 515 sic
1129 469 1398 515 emendavit:
1437 473 1539 529 „qui
1566 483 1661 517 me-

181 545 286 587 ritat
299 575 312 600 ,
343 542 555 587 hominem
587 555 637 586 se
664 554 843 585 servum
870 542 1008 587 facit“
1036 542 1172 587 valde
1202 554 1255 586 ea
1282 542 1430 587 dubito
1456 555 1556 588 num
1575 546 1663 589 s1nt

181 615 393 672 Pacuvii,
440 617 483 659 et
519 625 630 672 quae
676 614 795 673 apud
823 614 1006 660 eundem
1034 630 1076 674 p.
1101 611 1218 660 490.
1246 616 1449 674 corrupta
1477 626 1533 660 ea
1560 615 1661 675 qui-

182 685 305 732 dem:
362 687 558 744 Delphos
595 699 753 731 venum
789 699 923 745 pecus
960 687 1126 732 ecunde
1167 687 1398 732 abstabula
1436 699 1490 731 ac
1532 690 1662 732 itiner

157 761 161 766 '
183 761 343 805 contuli
392 758 717 816 [Hermannusz
761 759 960 818 Delphos
1011 762 1114 803 veni
1151 762 1308 818 impete
1344 758 1559 817 secundo,
1603 760 1661 803 ad

184 833 440 889 stabulaque
480 833 611 874 itiner
652 831 869 891 contuli),
924 844 1037 889 quae
1076 831 1344 877 Welckerus
1389 832 1559 891 quidem
1605 831 1661 876 de

186 901 432 966 ἱεροδούλςυ
477 894 767 948 Οτθεέἔνυίι
797 904 1005 961 inteuigi,
1053 916 1109 948 ea
1137 907 1282 948 omnia
1309 904 1519 949 eiusmodi
1547 907 1661 962 sunt,

182 982 228 1024 ut
256 980 365 1024 certi
393 991 450 1022 ex
477 979 533 1022 iis
564 977 669 1022 nihil
697 978 846 1037 possis
876 978 1150 1021 constituere.

295 1050 476 1097 Summa
511 1052 647 1108 igitur
684 1051 929 1107 argumenti
955 1050 1105 1106 fuerit,
1146 1052 1195 1093 ut
1220 1050 1339 1109 apud
1367 1050 1590 1108 Hyginum
1618 1065 1661 1109 p.

184 1121 303 1169 261.
329 1126 373 1167 et
404 1122 636 1181 Mythogr.
664 1122 806 1166 Vatic.
835 1121 891 1179 1,
918 1120 1029 1180 20.;
1054 1121 1117 1179 2,
1145 1120 1262 1167 202.
1289 1123 1505 1180 legimus:
1536 1123 1661 1182 lphi-

183 1198 357 1255 geniam
387 1208 515 1253 quum
543 1195 729 1238 humano
759 1197 976 1252 sanguine
1003 1207 1157 1238 numen
1178 1196 1389 1253 placaret,
1420 1197 1662 1253 agnovisse

183 1271 363 1313 tratrem
394 1266 617 1325 Orestem,
649 1269 724 1325 qui
752 1267 931 1323 oraculo
959 1270 1140 1325 accepto
1159 1267 1336 1311 curandi
1350 1268 1511 1312 furoris
1527 1280 1663 1314 causa

184 1353 281 1385 cum
310 1342 447 1384 amico
476 1338 649 1398 Pylade
678 1338 870 1387 Colchos
899 1335 987 1399 (ἓ)
1014 1341 1233 1398 petiisset,
1263 1342 1306 1384 et
1333 1351 1427 1385 cum
1455 1340 1526 1385 his
1541 1373 1554 1400 ,
1580 1353 1662 1385 oc-

184 1417 279 1459 ciso
307 1412 531 1473 Thoante,
560 1413 835 1457 simulacrum
864 1413 1111 1457 sustulisse.

295 1485 398 1530 Jam
427 1488 476 1529 ut
502 1484 564 1528 ad'
587 1485 764 1542 singula
790 1486 1040 1542 fragmenta
1065 1497 1149 1528 nos
1181 1486 1507 1544 convertamus,
1537 1485 1662 1546 Iphi-

186 1560 344 1616 geniae
371 1561 474 1603 sunt
501 1558 644 1602 verba
670 1557 783 1602 diem
810 1559 930 1602 illum
958 1558 1193 1617 nuptialem
1220 1558 1528 1608 describentis:

246 1631 291 1676 1.
475 1617 482 1624 ’
656 1630 953 1688 Hymenaeum
980 1630 1166 1675 fremunt

355 1704 602 1761 Aequales,
631 1704 732 1747 aula
758 1703 924 1747 resonit
951 1705 1117 1760 crepitu
1144 1705 1324 1761 musico,

188 1789 282 1821 cum
330 1776 486 1834 quibus
532 1775 735 1820 conferas
781 1788 838 1819 ex
874 1775 1103 1834 Euripidis
1146 1774 1438 1835 descriptione
1477 1774 1662 1835 (lphig.

190 1850 322 1894 Taur.
353 1863 400 1892 v.
428 1845 581 1906 355.)

737 1918 936 1982 Ἀργεῖαί
965 1937 1016 1964 τε
1046 1919 1124 1964 νῦν

358 1991 579 2056 ὑμνοῦσιν
612 1990 910 2056 ὑμεναίοισιν·
942 1989 1151 2038 αὐλεῖται
1183 1992 1231 2037 δὲ
1260 1997 1349 2038 πᾶν

359 2067 609 2130 μέλαθρον.

302 2142 509 2186 Eiusdem
540 2141 596 2185 de
625 2140 880 2186 Calchantis
909 2143 1046 2186 iussis
1074 2143 1118 2184 et
1145 2140 1486 2197 Agamemnonis
1514 2139 1663 2183 fallaci

191 2216 428 2272 apparatu:

247 2286 295 2330 2.
361 2285 593 2343 Responsa
620 2287 847 2345 explanat:
876 2285 1052 2330 mandat
1078 2297 1134 2328 ne
1161 2287 1287 2329 matri
1313 2285 1410 2328 fuat

360 2355 665 2417 Cognoscendi
692 2371 876 2418 unquam
906 2361 981 2402 aut
1011 2357 1241 2403 contuendi
1269 2358 1408 2417 copia.

247 2431 295 2477 3.
364 2431 552 2477 Gnatam
582 2431 838 2491 despondit,
868 2433 1030 2490 nuptiis
1061 2431 1175 2475 hanc
1202 2431 1278 2475 dat
1305 2430 1428 2474 diem.

281 2541 292 2548 .
306 2505 511 2550 Nuntium
534 2504 688 2564 defert,
705 2507 900 2563 quisquis
918 2505 992 2547 ille
1003 2505 1084 2560 est,
1098 2503 1154 2547 de
1171 2501 1438 2547 Graecorum
1452 2500 1665 2546 adventu:

250 2578 299 2622 4.
364 2578 643 2637 Graiugena:
680 2577 736 2621 de
773 2579 884 2621 istoc
925 2576 1064 2633 aperit
1103 2579 1204 2633 ipsa
1241 2576 1395 2631 oratio,

195 2663 307 2709 quae
336 2663 545 2705 expressa
576 2653 677 2694 sunt
703 2662 758 2693 ex
787 2649 1037 2708 Euripideis
1068 2647 1126 2706 (l.
1155 2650 1181 2692 l.
1212 2662 1257 2692 v.
1285 2644 1457 2704 2363:

350 2720 600 2782 ”Ελληνες·
631 2720 675 2766 ἓν
709 2721 836 2766 τοῦτ’
870 2719 993 2773 οἶδα,
1029 2717 1110 2766 κοῦ
1145 2718 1413 2780 περαιτέρω.
