1824 3208
845 69 881 115 S

129 209 239 254 que,
277 198 505 240 maximam
532 195 699 251 partem
720 193 845 251 ficta,
873 195 936 237 ita
960 194 1010 237 ut
1036 194 1160 236 veris
1186 181 1484 252 respondeant
1506 222 1520 235 .
1548 222 1559 234 .
1589 222 1601 234 .

128 268 280 325 Quare
308 279 420 327 quae
446 265 567 311 falsa
593 277 696 312 esse
722 267 910 325 constet,
936 278 1035 324 non,
1062 267 1110 310 ut
1138 263 1289 311 lunius
1306 265 1473 325 feeerit,
1498 276 1602 311 cor-
1672 305 1682 315 .

128 342 314 401 rigenda
356 339 437 384 sed
480 340 687 398 scriptori
724 339 883 399 culpae
926 337 1081 383 danda.
1158 338 1287 383 Hunc
1323 341 1499 384 secutus
1535 340 1604 384 est

131 414 376 459 Munkerus
416 414 464 457 in
501 423 554 457 ea
591 424 717 470 quam
755 410 812 456 de
844 412 1066 477 Fulgentii
1091 412 1188 455 vita
1215 412 1259 455 et
1287 413 1465 470 scriptis
1490 411 1605 470 My-

130 485 475 546 thographorum
512 485 613 530 Lat.
641 483 819 529 editioni
846 483 1016 533 addidit
1043 483 1350 528 dissertatione
1389 481 1606 542 (Amstel.

134 557 286 604 1681.
315 558 368 603 Τ.
396 557 507 617 IL),
536 557 630 614 qui:
669 558 910 614 „ceterum,
938 558 1095 616 inquit,
1123 568 1178 601 ne
1205 556 1349 601 fucum
1374 557 1503 602 nobis
1530 557 1606 602 ta-

133 634 224 678 ciat
266 635 311 677 in
351 634 434 677 isto
476 629 622 674 libello
659 629 946 689 Fulgentius,
986 644 1073 675 non
1121 630 1178 675 de
1218 628 1350 675 nihilo
1374 625 1608 675 'vel-carle.

132 705 250 750 Nam
291 718 385 749 cum
414 705 509 748 eius
535 704 681 747 aetate
710 714 872 760 magna
900 705 970 748 sui
996 704 1122 760 parte
1148 716 1234 748 non
1262 715 1291 747 a
1318 700 1475 747 Gothis
1503 705 1607 747 tan-

134 781 246 836 tum,
284 776 361 821 sed
397 776 453 820 ab
493 777 605 835 ipsis
638 775 888 820 christianis
924 778 1210 835 praepostero
1247 776 1474 834 religionis
1510 775 1607 820 zelo

135 851 349 909 spoliatae
387 850 539 893 essent
574 847 880 907 bibliothecae,
918 848 1051 892 licere
1076 849 1162 893 sibi
1191 848 1441 893 arbitratum
1468 846 1608 904 dicas,

133 926 181 966 ut
209 923 508 966 auctoritatem
545 919 739 964 advocet
765 920 1047 978 complurium
1076 922 1357 979 scriptorum,
1399 921 1471 979 qui
1497 933 1609 964 nus-

134 1007 260 1053 quam
312 993 517 1038 videntur
565 994 815 1058 exstitisse,
864 994 983 1036 certe
1029 992 1129 1037 aliis
1170 993 1422 1050 incomperti
1467 991 1610 1038 sunt.“

134 1055 368 1111 Acerbius'
388 1067 517 1110 etiam
544 1065 774 1123 loquuntur
802 1065 1027 1109 Bentleius
1057 1064 1158 1124 [op.
1185 1080 1228 1124 p.
1256 1063 1425 1124 5120,
1461 1065 1609 1110 Bern-

134 1138 335 1196 hardyus
365 1138 450 1196 (R.
477 1138 530 1182 L.
561 1136 616 1182 G.
646 1152 687 1196 p.
715 1137 884 1199 3120,
922 1136 1185 1195 Madvigius
1213 1136 1313 1196 [op.
1342 1136 1467 1182 acad.
1496 1137 1532 1181 1.
1563 1152 1604 1190 w

135 1210 276 1269 280,
306 1208 499 1255 Orellius
543 1208 673 1268 [lect.
701 1210 878 1256 Petron.
905 1224 947 1268 p.
975 1207 1084 1268 303
1127 1209 1395 1254 Bitschelius
1425 1207 1604 1267 (Melet.

134 1284 326 1329 Plautin.
353 1295 472 1340 spec.
501 1296 570 1326 on.
599 1297 640 1340 p.
669 1281 772 1341 30:
801 1281 990 1340 „Modo,
1017 1284 1180 1340 inquit,
1214 1281 1270 1327 de
1296 1282 1382 1326 fide
1409 1281 1606 1340 Fulgen-

136 1358 185 1401 tii
214 1357 323 1401 sasss
352 1354 616 1399 constaret.“
674 1352 856 1399 Omnino
894 1353 1022 1398 fidem
1051 1353 1296 1399 habendam
1325 1357 1366 1399 ei
1393 1368 1482 1400 non
1509 1366 1606 1400 esse

137 1431 300 1473 certum
326 1428 413 1472 sibi
442 1426 547 1470 dicit
556 1427 883 1472 Hildebrandus
904 1426 1114 1485 [Apuleii
1130 1441 1198 1485 op.
1213 1440 1323 1471 omn.
1338 1428 1373 1471 1.
1385 1442 1429 1487 p.
1438 1425 1623 1485 3⁰²⁶]3.

137 1504 231 1544 tres
261 1500 407 1554 locos,
450 1501 525 1556 qui
553 1501 681 1543 etiam
711 1498 826 1557 apud
853 1498 1086 1557 Apuleium
1113 1500 1411 1557 inveniantur,
1454 1502 1532 1545 aut
1551 1510 1609 1543 ex

139 1572 328 1630 singuiis
365 1570 628 1629 ApuleianIs
667 1572 819 1615 verbis
856 1571 1078 1615 confectos
1116 1574 1190 1615 aut
1211 1572 1377 1629 ‘verbis
1404 1574 1610 1631 tranupo-

50 1696 64 1714 ι
140 1646 238 1689 sitis
266 1645 452 1687 mutatos
480 1656 583 1688 esse
610 1643 812 1688 ostendit.
863 1642 950 1698 Qui
976 1644 1061 1687 loci
1090 1655 1146 1687 ex
1173 1642 1332 1689 Plauto
1364 1644 1610 1701 afferantur,

140 1730 219 1761 eos
247 1718 292 1760 in
319 1716 502 1776 sabulis,
530 1729 640 1775 quas
667 1716 847 1774 indicet,
876 1729 962 1760 non
988 1717 1195 1774 inveniri,
1223 1717 1297 1762 ubi
1324 1719 1611 1774 inveniantur,

140 1793 187 1833 in
224 1789 377 1833 verbis
415 1788 542 1833 huius
581 1793 739 1848 poetae
769 1787 1014 1847 purgandis
1042 1790 1171 1847 atque
1200 1789 1479 1834 emendandis
1506 1788 1613 1834 nihil

142 1861 362 1906 curandos
397 1874 510 1905 esse.
576 1861 773 1905 Eandem
808 1862 992 1905 aliorum
1037 1863 1167 1905 etiam
1207 1863 1465 1920 scriptorum
1513 1874 1612 1906 esse

142 1936 419 1978 rationem...
453 1933 527 1977 Ex
556 1934 713 1991 quibus
744 1933 941 1977 omnibus
967 1932 1102 1976 rebus
1128 1934 1345 1991 probasse
1372 1935 1456 1979 sibi
1482 1933 1613 1979 vide-

142 2011 215 2050 tur
242 2005 592 2065 Hildebrandus,
621 2006 896 2062 Fulgentium
925 2007 1064 2048 omnia
1092 2017 1148 2049 ex
1175 2009 1378 2051 memoria
1397 2007 1612 2065 attulisse,

143 2081 208 2122 ita
234 2081 281 2123 ut
307 2090 536 2137 numquam
566 2079 606 2122 ei
633 2078 778 2137 possit
803 2076 956 2122 haberi
984 2079 1105 2122 certa
1137 2077 1261 2124 fides.

255 2152 601 2207 Diligentissime
637 2152 763 2194 etiam
792 2163 931 2209 nuper
969 2153 1014 2194 in
1042 2153 1173 2195 totam
1200 2151 1314 2196 hanc
1343 2165 1433 2197 rem
1461 2152 1606 2210 inqui-

145 2224 253 2269 sivit
281 2222 519 2269 Lerschius
547 2225 591 2268 in
619 2235 740 2268 nova
768 2235 850 2268 sua
877 2222 1011 2267 libelli
1039 2222 1095 2267 de
1124 2223 1260 2270 abstr.
1279 2238 1406 2270 serm.
1425 2223 1613 2283 editione

144 2297 380 2354 (Bonnae,
420 2295 618 2354 1844).
689 2295 817 2349 Quod
858 2297 1009 2339 attinet
1052 2295 1110 2339 ad
1146 2299 1339 2341 nostram
1375 2310 1487 2352 rem,
1527 2309 1613 2341 non

145 2369 288 2414 solum
317 2368 441 2412 locos
468 2369 513 2412 in
544 2369 642 2413 aliis
671 2380 725 2414 ac
753 2367 913 2413 dictum
937 2369 993 2412 sit
1012 2368 1173 2414 fabulis
1192 2372 1400 2428 inveniri,
1427 2369 1613 2415 multos-

146 2455 229 2499 que
255 2455 312 2486 ex
341 2441 446 2484 aliis
474 2442 760 2497 scriptoribus
776 2442 938 2488 allatos
957 2442 1088 2500 plane
1105 2454 1207 2487 esse
1225 2445 1416 2488 mutatos
1433 2441 1613 2486 demon-

148 2516 279 2571 strat,
317 2513 398 2559 sed
436 2514 566 2557 etiam
600 2525 769 2570 eorum,
808 2525 921 2573 quae
954 2516 1052 2572 ipse
1086 2514 1258 2560 finxerit
1290 2518 1415 2574 quasi
1451 2517 1614 2567 certam

147 2586 361 2644 quandam
408 2586 638 2631 formulam
690 2588 991 2645 composuisse
1027 2598 1121 2631 eum
1160 2586 1360 2636 ostendit.
1421 2587 1611 2632 Primum

146 2661 259 2704 enim
299 2660 457 2702 certum
495 2659 772 2717 scriptorum,
792 2670 1012 2703 numerum
1040 2671 1165 2717 esse,
1200 2672 1257 2704 ex
1287 2660 1445 2718 quibus
1471 2660 1613 2706 libro-

143 2745 238 2777 rum
281 2731 447 2776 nomina
486 2732 740 2789 titulosque,
781 2731 1042 2789 fragmenta>
1064 2733 1193 2791 atque
1230 2733 1353 2791 ipsas
1380 2733 1611 2779 verborum

1282 3152 1292 3157 ,,
1499 3107 1824 3208 ''md-
1781 3116 1785 3121 ²
1816 3099 1818 3101 '
