1856 3107
936 109 1018 158 ao

237 240 410 301 Pyrrho
438 241 481 282 in
510 235 636 282 domo
665 249 745 282 sua
772 239 958 298 captum,
987 237 1046 282 ad
1075 236 1265 284 Achiuis
1291 236 1477 281 tractum
1504 235 1704 282 tunulum

238 315 428 373 occisum
463 311 583 355 iuxta
620 308 800 369 Sigeum
835 313 1173 371 promontorium
1213 311 1459 370 „iacuisse‚
1512 310 1563 354 ut
1601 307 1707 353 dicit

237 384 472 442 Virgilius,
510 372 726 443 ingentem
765 385 894 429 litore
935 387 1128 430 truncum
1141 417 1154 442 ‚
1198 384 1485 442 avulsumque
1511 382 1707 428 humeris

236 454 408 516 caput“‚
437 457 552 514 quod
580 460 706 502 conto
723 457 854 501 fixum
876 458 1079 516 Pyrrhus
1097 456 1442 502 circumtunsset.
1483 456 1575 501 Iam
1592 468 1705 500 vero

233 533 278 573 in
307 541 391 587 qua
419 529 601 575 Pacuvii
626 530 855 588 tragoedia
880 533 1061 574 narrata
1087 529 1198 574 haec
1226 530 1315 574 sint
1340 530 1381 574 si
1409 540 1619 586 quaeras,
1649 527 1707 572 de

234 602 352 645 nulla
390 603 477 647 alia
504 605 670 663 poteris
698 605 917 661 cogitare,
962 605 1047 647 nisi
1075 602 1131 646 de
1157 603 1309 646 Iliona.
1364 599 1479 644 Nam
1506 614 1561 645 ne
1587 602 1723 646 forte.

234 674 289 717 de
320 675 445 719 brevi
473 688 554 735 per
581 678 853 719 occasionem
877 674 933 719 de
962 675 1045 720 hac
1069 688 1120 719 re
1147 677 1192 718 in
1219 674 1368 718 nescio
1397 680 1487 731 qua
1514 673 1703 718 Pacuvii

232 747 381 791 fabula
403 749 521 799 lacta
547 749 758 791 mentione
785 749 973 806 cogites,
1001 747 1231 806 prohibent
1258 748 1357 805 ipsa
1379 744 1533 791 Servii
1552 746 1704 789 verba.

233 818 385 876 Neque
420 832 529 863 vero
570 819 684 877 quod
701 832 756 864 ex
786 816 949 865 Servio
979 820 1200 863 elicuimus
1229 820 1417 876 exiguae
1444 821 1514 862 est
1541 816 1705 862 confir-

232 894 410 941 mationi
444 892 614 950 HygIni
652 893 959 950 testimonium,
999 893 1120 936 culus
1149 895 1195 937 in
1225 890 1309 936 hac
1339 903 1390 935 re
1415 904 1502 935 non
1528 891 1704 935 minima

232 967 301 1007 est
329 967 576 1009 auctoritas.
623 966 741 1009 Dicit
768 968 907 1009 autem
939 966 1147 1023 Hyginus
1175 964 1294 1022 (fab.
1321 961 1494 1022 2430,
1519 963 1704 1008 Ilionam

233 1041 493 1095 „propter
520 1050 687 1082 casus
715 1040 1011 1094 parentum
1040 1037 1284 1080 suorum“
1312 1039 1453 1095 ipsam
1484 1036 1704 1080 sibimor-

231 1111 316 1152 tem
352 1111 638 1153 conscivisse.
693 1108 763 1152 De
788 1108 943 1166 quihus
971 1108 1164 1163 casibuS‚
1193 1121 1322 1166 quum
1350 1108 1570 1152 oraculum
1599 1121 1703 1152 mox

233 1183 467 1224 eventuros
506 1193 582 1224 eos
626 1179 955 1238 respondisset,
1000 1179 1084 1223 hoc
1117 1180 1214 1224 loco
1245 1180 1531 1224 conveniebat
1558 1180 1706 1225 afferri

231 1253 433 1296 nuntium.
490 1251 687 1311 Denique
716 1251 831 1311 quod
859 1253 1060 1310 superest
1087 1251 1399 1309 fragmentum:

265 1324 343 1381 17.
418 1323 502 1378 Qui
529 1326 660 1368 velox
689 1325 998 1382 superstitione
1024 1326 1120 1368 cum
1150 1324 1330 1369 vecordi
1358 1326 1557 1384 corlinge‚

232 1399 454 1457 aptissime
493 1400 637 1455 potest
678 1397 815 1442 fuisse
853 1398 1062 1442 insertum
1096 1397 1272 1455 verbis,
1325 1397 1497 1456 quibus
1526 1399 1701 1443 nuntius

230 1471 448 1515 Priamum
488 1482 583 1513 cum
619 1472 803 1526 coniuge
832 1472 875 1513 et
902 1472 1019 1514 uatis
1049 1469 1107 1513 ad
1135 1483 1255 1514 aram
1283 1471 1539 1526 confugisse
1567 1483 1701 1515 enar-

232 1544 374 1599 ravit,
402 1544 449 1585 ut
477 1544 546 1586 est
575 1541 690 1600 apud
718 1542 950 1600 Virgilium
982 1541 1096 1585 Aen.
1123 1540 1181 1601 2,
1210 1540 1326 1586 512.
1356 1556 1452 1600 sqq.

343 1616 501 1658 Exitus
530 1615 664 1671 igitur
692 1614 869 1657 fabulae
894 1613 977 1657 fuit
1003 1616 1072 1670 is,
1099 1607 1151 1658 ut
1175 1616 1353 1658 mortem
1381 1617 1484 1674 ipsa
1512 1616 1599 1659 sibi
1628 1619 1701 1660 in-

163 1701 169 1708 ·
230 1689 365 1732 ferret
391 1687 543 1731 Iliona.
599 1686 799 1730 Fratrem
826 1688 929 1743 puto
962 1689 1224 1745 speraverat
1249 1687 1346 1732 sore
1374 1690 1421 1732 ut
1447 1696 1597 1746 regem
1626 1700 1704 1733 re-

232 1761 426 1819 ciperent
455 1758 661 1802 Thraces.
716 1759 815 1809 Huc
843 1760 955 1803 enim
982 1760 1197 1803 retulerim
1224 1760 1387 1804 verba:

268 1831 345 1876 18.
419 1863 430 1874 .
486 1829 571 1875 Usi
598 1831 761 1875 honore
791 1830 922 1876 credo
952 1831 1065 1876 hunc
1081 1832 1302 1892 sceptrum
1317 1833 1535 1892 patientur
1553 1835 1659 1891 poti,

233 1916 489 1962 quamquam
516 1904 666 1962 prlora
694 1904 833 1948 verba
859 1904 986 1949 huius
1013 1917 1177 1949 versus
1202 1904 1308 1964 quid
1334 1906 1420 1950 sibi
1447 1907 1586 1950 velint
1611 1906 1703 1951 dif-

232 1976 344 2021 ficile
373 1978 441 2019 est
464 1974 592 2020 dictu.
1277 1963 1283 1966 ’
1433 2009 1435 2012 ,
1691 1993 1693 1995 -

346 2048 450 2090 Tam
491 2046 599 2090 diris
627 2048 895 2092 facinoribus
923 2050 1110 2105 patratis
1139 2051 1288 2107 totque
1314 2049 1446 2093 illatis
1472 2051 1704 2095 calamita-

231 2122 361 2178 tibuss
381 2120 491 2165 dixit
515 2120 671 2178 aliquis
699 2120 755 2164 de
781 2120 957 2179 hostiis,
988 2121 1142 2179 quibus
1171 2123 1301 2166 vates
1329 2122 1485 2181 aliquIs
1510 2124 1704 2170 infernos

233 2195 341 2238 deos
369 2194 666 2250 coelestesque
693 2193 947 2249 dignaretur
974 2194 1196 2250 placarez-
1275 2238 1279 2240 .

265 2263 343 2310 19.
410 2264 518 2320 Quis
551 2264 659 2310 deos
697 2264 912 2323 infernos,
949 2264 1103 2322 quibus
1138 2265 1353 2311 coelestes
1380 2266 1532 2326 dignet
1563 2269 1699 2314 deco-

234 2351 335 2382 rare
361 2339 527 2383 hostiis.

529 2505 704 2542 Notae
730 2504 805 2542 ad
829 2504 1052 2542 Ilionae
1077 2493 1422 2552 fragmenta.

333 2567 363 2600 1.
400 2567 519 2602 Festus
544 2580 578 2614 p.
603 2566 668 2602 28¹
697 2567 844 2613 (Minime
881 2569 1082 2615 Repotia
1114 2571 1280 2615 postridie
1302 2574 1434 2617 nuptia·
1454 2570 1544 2616 apud
1572 2582 1700 2608 novum

237 2630 389 2664 maritum
412 2636 567 2674 cenatur,
591 2632 668 2677 quia
693 2632 793 2677 quasi
813 2632 960 2668 reficitur
982 2633 1121 2679 potatio.
1169 2633 1334 2669 Pacuvius
1357 2635 1393 2668 iu
1415 2633 1541 2669 iliona:
1578 2635 1633 2671 Ab
1657 2647 1699 2671 eo

235 2690 414 2744 ,depulsum
437 2703 579 2730 mamma
601 2694 903 2742 paedagogandum
926 2696 1049 2743 accipit
1071 2697 1236 2743 appotalis
1259 2697 1374 2733 libet«

330 2757 379 2792 Ita
400 2757 502 2792 habet
525 2758 610 2794 Cod.
624 2787 636 2802 ‚
657 2760 725 2794 uisi
750 2760 840 2806 quod
864 2761 993 2796 liber
1015 2772 1077 2806 pro
1101 2759 1227 2795 libet
1252 2761 1365 2797 inesse
1388 2766 1531 2798 testatur
1554 2762 1595 2797 Η.
1617 2762 1698 2796 Kei-

239 2819 302 2856 lius
327 2823 360 2857 in
386 2821 471 2861 Mus.
492 2821 556 2859 Rh.
583 2822 674 2860 1848
697 2835 731 2870 p.
753 2822 833 2859 624.
858 2829 860 2831 ’
883 2825 957 2860 Vox
989 2824 1235 2871 appotalis
1260 2825 1410 2861 ‘multum
1434 2825 1570 2861 vexavit
1594 2825 1699 2860 inter-
