1856 3107
906 86 947 140 9

197 219 508 283 explicationes
534 215 791 279 sumpserit:
811 210 980 264 'deinde'
1000 213 1128 265 etiam
1154 220 1198 266 in
1226 206 1536 282 componendis
1552 229 1660 262 ver-

198 295 322 340 sibus
364 293 526 337 certam
566 292 778 351 quandam
818 295 953 337 artem
993 293 1267 352 adbibuiSsc,
1311 297 1360 339 in
1387 305 1476 353 qua
1502 303 1554 336 re
1580 304 1664 334 usu

199 366 350 411 veniat
374 365 558 423 legenti,
601 368 648 410 ut
674 367 834 425 prioris
860 366 1069 411 vocabuli
1095 367 1215 411 sonte
1242 367 1410 413 detecto
1440 364 1666 424 sequentis

199 452 286 483 non
310 449 410 482 raro
436 440 510 483 aut
536 439 637 484 sons
663 441 738 483 aut
765 450 875 484 ansa
901 441 1158 484 inveniatur.
1213 438 1474 498 (conferas,
1502 440 1543 483 si
1561 437 1666 497 pla-

201 514 291 570 cet,
317 523 428 570 quae
456 511 575 556 dicta
602 514 705 557 sunt
730 510 789 555 ad
816 512 1056 556 vocabula:
1100 510 1347 572 sandapila
1374 514 1417 556 et
1446 510 1666 569 vespillo-

201 597 307 643 nes,
334 583 477 629 edulia
504 586 547 628 et
574 586 742 629 tucceta
758 617 771 643 ,
809 586 960 645 stega,
1003 585 1169 630 lembus
1201 587 1245 630 et
1271 586 1513 630 ramentum
1538 581 1666 642 cet).

197 651 480 702 'Referendos
518 669 621 701 csse
648 658 693 700 in
720 658 892 702 illorum
921 670 1137 703 numerum
1165 659 1390 718 Plautum,
1433 657 1667 714 Apuleium

203 734 247 775 et
283 731 530 775 Petronium
546 763 559 789 ,
601 729 804 775 librorum
842 743 951 788 quos
989 730 1143 776 afferat
1177 731 1326 776 titulos
1367 743 1424 775 ex
1451 729 1669 774 Plautinis

203 807 401 863 personis
429 813 631 860 magnam
658 804 825 862 partem
852 803 1175 862 nominibusque
1202 805 1386 864 petitos,
1422 802 1671 860 fragmenta

203 878 409 936 plurima,
445 873 600 932 nedum
637 878 804 933 omnia,
822 925 826 928 ⁴
842 887 954 933 quae
987 875 1181 919 ferantur
1218 878 1417 920 veterum
1446 876 1671 933 poetarum

205 959 308 993 esse
335 946 445 991 nihil
470 946 585 992 aliud
599 980 612 1005 ,
643 949 728 992 nisi
756 959 811 992 ex
839 948 1026 1005 singulis
1055 948 1271 993 Plautinis
1289 948 1494 993 versibus
1521 947 1672 1003 mixta,

205 1021 378 1079 paulum
414 1022 600 1077 mutata,
638 1018 908 1077 amplificata.
966 1019 1153 1064 Accedit
1192 1019 1249 1063 ad
1276 1019 1389 1063 hanc
1417 1020 1673 1063 sententiam

206 1095 331 1138 etiam
361 1090 463 1136 Otto
492 1091 693 1147 Iahnius,
721 1093 796 1148 qui
821 1090 1069 1160 prolegom.
1100 1091 1228 1135 Pers.
1244 1107 1287 1150 p.
1309 1091 1480 1135 XXV.:
1510 1089 1675 1150 „quue

206 1167 410 1224 maxime,
447 1165 607 1220 inquit,
653 1162 710 1205 de
750 1162 1008 1219 fragmentis
1043 1164 1165 1206 valet
1192 1164 1250 1207 ab
1288 1175 1341 1207 eo
1380 1161 1676 1222 (Fulgentio]

208 1238 379 1293 allatis,
428 1249 605 1294 quorum
657 1233 865 1293 quaedam
903 1238 1054 1295 aperte
1088 1235 1292 1281 confiant
1335 1236 1393 1280 ad
1435 1235 1678 1295 exemplum

209 1311 413 1367 aliorum,
441 1309 625 1352 maxime
650 1307 959 1352 Plautinorum.
963 1308 991 1332 “

320 1342 414 1429 Sed
440 1380 668 1425 videamus
699 1380 923 1438 locum,de
950 1395 1034 1439 quo
1057 1382 1183 1426 nobis
1203 1383 1363 1439 agitur,
1383 1385 1536 1440 ipsum.
1563 1381 1679 1425 Ful-

211 1456 383 1513 gentius
410 1467 448 1498 s.
475 1467 521 1497 v.
549 1454 831 1497 blaterare
858 1453 967 1498 haec
995 1453 1149 1497 habet.
1177 1454 1430 1511 „Pacuvius
1459 1456 1503 1497 in
1530 1453 1679 1498 Pseu-

214 1527 327 1571 done
356 1525 598 1569 comoedia.

269 1599 328 1643 Ni
356 1609 441 1655 ego
462 1600 506 1641 te
520 1597 798 1641 blaterantem
824 1599 1077 1656 aspicerem,
1085 1598 1154 1642 his
1168 1601 1356 1642 nuntium
1375 1598 1651 1642 indicassem.
1651 1594 1680 1621 “

316 1670 467 1726 Quem
509 1668 679 1727 quidem
715 1682 891 1714 versum
928 1671 1022 1714 sine
1049 1670 1178 1715 dubio
1210 1683 1266 1715 ex
1294 1667 1484 1731 Apuleio
1512 1671 1680 1729 petivit,

217 1745 340 1789 culus
379 1744 479 1787 sunt
505 1741 616 1786 haec
657 1740 1116 1803 [Metam.10,9.]:
1168 1743 1271 1801 „At
1310 1755 1415 1801 ego
1455 1744 1681 1801 perspi-

218 1818 372 1861 ciens
398 1815 551 1859 malum
579 1816 706 1859 istum
737 1815 1117 1861 verberonem
1138 1817 1513 1861 blaterantem
1552 1818 1681 1873 atque

218 1892 479 1933 inconcinne.
498 1888 840 1932 caussificantem
862 1911 908 1919 —
927 1912 984 1921 —
998 1913 1053 1920 —
1068 1902 1155 1932 non
1177 1891 1323 1933 statim
1343 1891 1536 1947 pretium,
1567 1886 1682 1945 quod

220 1962 505 2018 offerebatur,
535 1961 726 2019 accepi.“

276 2046 279 2049 ·
331 2032 492 2076 Verbis
528 2043 631 2090 ego
672 2034 716 2076 et
754 2033 1127 2077 blaterantem
1170 2035 1348 2078 retentis
1378 2046 1432 2077 ex
1459 2033 1685 2091 perspi-

223 2109 379 2152 ciens
416 2106 519 2150 fecit
554 2106 893 2163 aspicerem,
940 2109 983 2149 et
1021 2109 1075 2150 ni
1115 2119 1171 2149 ex
1207 2120 1323 2150 non.
1378 2107 1523 2150 Etiam
1561 2104 1686 2161 illud,

224 2179 338 2239 quod
377 2178 503 2222 dicit:
554 2176 802 2236 „inducit
843 2177 1110 2237 Sceparnum
1152 2176 1399 2223 servum‘<
1441 2191 1496 2222 ex
1537 2177 1686 2223 eodem

224 2253 348 2298 dicas
387 2251 570 2296 fluxisse
608 2249 750 2295 fonte:
794 2252 954 2307 legitur
990 2253 1098 2294 enim
1135 2251 1252 2310 apud
1292 2252 1474 2296 cundem
1503 2254 1687 2309 quinque

203 2326 353 2375 ,lineis
390 2334 544 2382 supra:
589 2321 882 2381 „inductos
919 2323 1136 2367 servuli
1183 2322 1408 2370 mendacio
1451 2320 1687 2384 peierare.“

228 2396 358 2451 Quod
402 2395 570 2455 quIdem
619 2407 772 2440 verum
811 2408 911 2440 esse
953 2395 1068 2439 haud
1108 2386 1248 2453 parvo
1293 2400 1546 2456 argumento
1587 2407 1690 2439 esse

227 2471 370 2525 potest
406 2468 648 2527 explicatio.
703 2466 910 2526 Explicat
943 2456 1223 2525 Fulgentius:
1263 2471 1518 2529 „Blaterare
1561 2470 1690 2527 quasi

228 2541 368 2585 verba
406 2540 669 2600 trepidantia
696 2543 808 2585 metu
846 2541 1060 2585 balbutire
1099 2539 1340 2586 dixerunt.“
1395 2541 1504 2586 Cum
1533 2542 1692 2600 quibus

230 2611 453 2671 conferas,
490 2625 613 2672 quae
650 2613 786 2658 habet>
820 2613 1039 2673 Apuleius
1078 2613 1180 2658 ibid.
1224 2613 1310 2670 10,
1353 2616 1518 2674 septem
1563 2614 1693 2659 lineis

232 2684 365 2729 infra:
398 2685 595 2744 „Ingens
623 2685 779 2754 exinde
807 2687 1132 2731 verberonem
1163 2681 1339 2744 corripit
1366 2687 1693 2747 trepidatio,

232 2760 276 2802 et
303 2760 346 2803 in
379 2757 519 2803 vicem
545 2759 716 2805 humani
745 2760 902 2805 coloris
920 2758 1112 2805 succedit
1140 2760 1328 2819 pallor
1355 2761 1561 2821 infernus,
1590 2773 1694 2820 per-
