1856 3107
216 231 267 266 lus
290 234 325 266 et
345 231 557 273 anapaestus.
604 225 711 263 Causa
735 227 832 270 talis,
862 227 953 274 quod
987 228 1235 276 anapaesticum
1274 227 1383 265 nelos
1418 225 1506 263 binis
1541 227 1685 273 pedibus

189 307 195 323 ι
216 298 304 328 amat
326 300 461 326 sensum
490 289 682 335 includere,
706 296 743 326 ut
765 291 856 337 apud
880 291 1031 326 Attium:

399 351 550 397 Inclyte‚
574 364 678 399 parva
701 354 855 400 praedite
878 354 1006 399 patria,
1029 355 1164 390 nomine
1187 354 1325 399 celebri,

400 413 566 463 Claroque
588 423 709 463 potens
732 423 888 464 pectore,
912 416 1050 452 Achivis
1074 416 1237 468 classibus
1264 422 1390 452 auctor.

214 477 309 518 Quae
332 478 492 522 periodus
516 479 604 515 circa
627 491 688 514 sex
711 484 865 515 versatur
888 479 1056 526 dipodius.
1101 478 1226 515 Contra
1249 478 1426 522 Pacuvius,
1450 489 1578 514 novare
1598 488 1683 524 pro—

212 539 357 587 positum
383 541 521 587 volens,
547 542 653 578 noluit
675 544 759 578 iutra
783 543 880 579 binos
903 542 1030 589 pedes,
1053 547 1089 578 ut
1111 543 1290 590 superius,
1315 541 1412 577 finire
1435 541 1570 578 sensum
1583 568 1594 586 ,
1617 541 1681 578 sed

213 603 395 638 secuudum
422 604 638 651 Euripidem,
674 605 873 650 dactylicum
906 611 1069 647 metrum,
1104 606 1196 652 quod
1219 604 1431 651 appellatur,
1464 605 1612 646 inducit,
1644 610 1682 639 ut

212 667 354 701 nominis
377 668 515 703 mutatio
538 669 765 704 diversitatem
784 668 902 712 daret,
925 669 1023 704 huius
1049 669 1141 704 modi
1162 670 1313 711 ausimo,
1339 678 1402 703 seu
1417 667 1559 713 periodo
1576 679 1674 703 usus:

210 730 313 776 Agite
336 736 424 768 ete«
472 734 511 766 In
535 732 627 767 libris
650 737 724 767 est:
759 734 850 778 agite
885 744 906 769 e
937 733 1064 769 volvite
1094 733 1204 778 rapite
1233 742 1341 770 coma.
1388 731 1522 767 Tertius
1559 741 1677 766 versus

211 798 263 827 est
285 792 467 843 μείουρος.

303 855 398 896 Quae
423 856 632 893 adiunximus
665 857 791 903 verba,
826 858 982 906 leguntur
1017 857 1108 905 apud
1131 845 1286 894 Servium
1316 858 1402 895 Aen.
1432 856 1500 902 12,
1524 856 1607 893 605.
1636 875 1681 882 —,

210 918 347 954 Delrio:
371 919 532 955 floros.
558 926 592 955 et
615 921 896 968 dispergite.

304 982 357 1018 10.
394 982 479 1021 Non,
504 994 539 1029 p.
563 982 629 1020 73:
661 983 938 1020 Amolimiui
973 988 1025 1019 est
1047 983 1220 1027 recedite,
1253 983 1310 1019 vel
1339 982 1446 1019 tollite
1468 1000 1513 1011 —·
1538 1001 1584 1008 —
1606 982 1677 1017 Pa-

208 1043 325 1079 cuvius
350 1044 527 1082 Hermiona
555 1065 596 1071 -—
621 1066 668 1072 —
690 1040 735 1073 —-'-
761 1046 855 1082 idem
879 1048 1044 1093 Antiopa:
1068 1046 1189 1082 Nonne
1208 1045 1287 1081 hinc
1309 1050 1374 1081 etc.

302 1107 358 1143 11.
399 1109 493 1144 Idem
519 1121 552 1155 p.
576 1109 666 1144 238:
705 1110 955 1145 attendere
985 1114 1038 1145 est
1067 1108 1243 1144 intendere
1266 1128 1313 1134 —
1339 1126 1385 1135 —
1409 1109 1575 1143 Pacuvius
1599 1109 1672 1143 An-

207 1170 322 1216 tiopa:
347 1171 414 1206 Sed
438 1182 539 1217 quum
563 1178 632 1211 etc.

302 1234 360 1268 12.
398 1235 492 1270 Idem
514 1247 547 1282 p.
572 1237 934 1283 &arpi-opaga,
967 1246 1208 1283 propages
1237 1240 1280 1274 nt
1316 1246 1420 1282 saepe
1452 1236 1592 1282 generis
1626 1240 1678 1272 est

204 1297 368 1332 feminini.
403 1298 570 1333 Pacuvius
589 1300 757 1345 Antiopa:
782 1300 920 1334 Salvete
946 1304 1011 1334 etc.
1635 1301 1637 1303 ’

295 1359 451 1396 Ceterum
477 1373 520 1396 ex
543 1362 690 1408 Antiopa
712 1373 789 1398 esse
812 1363 945 1397 coniicit
968 1362 1206 1398 Valckenarius
1231 1349 1342 1404 (diatr-
1360 1372 1393 1406 p.
1406 1360 1467 1405 ⁷5)
1489 1359 1667 1407 lethoque

204 1422 376 1458 tribuerim
400 1425 555 1470 equidem
580 1436 726 1467 versum,
750 1436 848 1471 quem
873 1424 996 1459 Gellius
1024 1424 1078 1466 13,
1102 1425 1127 1459 8
1150 1435 1192 1459 ex
1216 1424 1365 1459 Pacuvio
1389 1422 1507 1458 affert:

366 1512 374 1520 .
401 1497 410 1521 ;
434 1497 501 1533 ego
525 1487 581 1522 odi
605 1487 756 1522 homines
783 1489 907 1534 ignava
930 1497 1034 1533 opera
1059 1492 1095 1522 et
1119 1486 1320 1533 philosopha
1343 1486 1519 1521 sententia.

299 1547 351 1587 cf.
375 1548 445 1588 C-ic,
469 1550 512 1586 de
536 1556 628 1594 orat.⁴
642 1550 677 1593 2,
700 1549 767 1585 37:
793 1575 812 1589 ,‚
827 1570 870 1576 —-
897 1552 1020 1594 miror,
1055 1561 1115 1589 cur
1138 1549 1396 1595 philosophiae,
1429 1550 1516 1584 sicut
1549 1548 1675 1584 Zethus

206 1612 262 1647 ille
286 1612 515 1654 Pacuvianus,
547 1623 655 1659 prope
687 1612 811 1648 bellum
844 1613 1051 1658 indixeris«,
1087 1624 1163 1648 cum
1186 1613 1307 1660 quibus
1341 1612 1495 1648 conferas
1532 1612 1575 1647 de
1600 1623 1674 1657 rep.

209 1675 250 1717 1,
277 1676 332 1714 18.

300 1739 470 1774 Pertinent
492 1740 534 1786 ad
558 1745 704 1774 nostruin
730 1739 875 1774 fabulam
899 1741 998 1775 etiam
1025 1740 1099 1784 illa,
1122 1750 1210 1786 quae
1239 1739 1342 1774 habet
1364 1738 1494 1774 Probus
1519 1741 1552 1774 in
1578 1740 1673 1786 virg.

206 1802 279 1840 Ecl.
302 1802 337 1845 2,
360 1803 427 1838 25:
455 1803 698 1849 „Amphionem
722 1808 757 1837 et
769 1802 910 1838 Zethum
934 1803 1113 1849 Euripides
1136 1808 1174 1838 et
1196 1802 1286 1849 apud
1310 1812 1373 1837 uos
1396 1799 1563 1838 Pacuvius
1580 1804 1672 1839 lovis

207 1876 250 1900 ex
273 1865 419 1911 Antiopa
443 1866 562 1912 Nyctei
586 1867 631 1900 ait
654 1871 759 1900 natos.
806 1865 1043 1912 [Amphionem
1076 1866 1203 1911 autem]
1237 1864 1403 1901 cautando
1437 1867 1587 1911 potuisse
1614 1876 1671 1900 ar-

206 1933 317 1963 menta
340 1939 464 1964 vocare
489 1934 653 1964 testantur
675 1928 832 1963 Thebae“
857 1934 944 1971 etc„
971 1930 1007 1963 in
1029 1929 1169 1975 quibus,
1204 1939 1291 1975 quae
1314 1929 1408 1963 uncis
1430 1928 1558 1963 inclusa
1582 1933 1671 1972 suut,

206 2002 249 2026 ex
272 1993 461 2027 coniectura
496 1992 666 2038 supplevit
701 1992 739 2027 ll.
763 1991 901 2027 Keilius.
948 1992 1049 2039 Apud
1083 1992 1263 2027 Homerum
1297 1992 1443 2039 Antiopa
1473 1991 1582 2038 Asopi
1617 1996 1672 2027 est

206 2052 270 2089 fllia
296 2053 379 2100 (od.
407 2055 462 2098 11,
486 2055 585 2102 259).

565 2192 688 2252 ΙΙ.
745 2193 1305 2252 Dalm-estes.

317 2328 474 2385 Longe
519 2329 704 2387 plurima
748 2329 805 2373 de
848 2329 933 2374 hac
979 2330 1248 2374 nobilissima
1295 2328 1485 2374 Pacuvii
1524 2328 1668 2372 fabula

206 2402 475 2459 scrIpserunt
501 2403 586 2445 viri
615 2402 745 2447 docti.
779 2402 852 2448 Ac
878 2405 1055 2462 primum
1083 2402 1255 2461 quidem
1282 2403 1414 2461 quasi
1441 2401 1668 2459 impulsum

207 2472 417 2529 quendam
454 2477 699 2519 accuratius
737 2475 795 2520 de
830 2487 884 2521 ea
922 2474 1165 2520 disserendi
1193 2474 1313 2520 dedit
1338 2473 1555 2529 Naekius,
1594 2473 1667 2530 qui

207 2549 561 2592 commentatione
600 2547 726 2593 brevi
763 2549 840 2594 illa
874 2548 1044 2608 quidem
1085 2560 1212 2608 quam
1238 2549 1369 2594 indici
1394 2548 1493 2592 lec&
1528 2546 1671 2591 Bonn.

208 2630 247 2662 a.
279 2617 540 2666 1822—23
580 2622 781 2683 praefixit
814 2621 943 2669 docte
981 2621 1037 2667 de
1072 2621 1158 2668 hac
1183 2635 1235 2668 re
1260 2621 1514 2682 disputavit.
1571 2618 1671 2676 Qua

206 2694 374 2738 innisus
412 2693 689 2753 Stieglitzius
725 2709 811 2742 non
837 2697 969 2743 multo
998 2700 1103 2756 post
1128 2696 1435 2741 dissertatione
1463 2694 1548 2754 „de
1576 2694 1671 2748 Pa-

207 2768 325 2812 cuvii
352 2767 613 2814 Duloreste“
646 2768 894 2817 doctissime
921 2769 1338 2830 diligentissimeque
1368 2770 1533 2827 scripta
1559 2767 1669 2813 idem
