1856 3107
902 85 934 130 5

186 224 338 277 poetae
365 211 524 270 Musa,
551 213 600 254 ut
626 212 687 254 ita
716 209 854 254 dicam
869 242 882 268 ‚
910 210 1128 268 specimen
1155 205 1348 265 praebet.
1373 202 1537 271 ,Quare
1561 205 1644 248 iam

186 282 498 346 aggrediamur
524 281 583 327 ad
610 281 896 328 examinanda
924 280 1110 326 Pacuvii
1135 280 1312 339 scripta.

294 356 533 401 Maximam
562 356 731 400 laudem
762 357 1021 400 consecutus
1050 355 1119 397 est
1145 350 1373 396 Pacuvius
1390 348 1651 408 tragoedia-

184 443 277 476 rum
314 429 513 488 scriptor.
570 429 688 473 Inter
724 428 917 485 fabulas,
957 439 1069 486 quas
1110 437 1166 469 ex
1195 422 1380 468 Graecis
1408 433 1650 483 expressas

184 501 312 548 modo
356 503 499 560 magIs
538 500 666 546 modo
704 502 844 546 minus
883 502 1021 546 libera
1065 502 1195 556 atque
1237 497 1380 541 soluta
1411 498 1650 541 imitatione

184 576 409 620 Romanae
457 572 755 619 consuetudini
796 572 1173 629 accommodavit,
1216 567 1508 614 numerandae
1549 569 1651 612 sunt

183 648 279 692 hae.
335 646 587 705 Euripidem
614 644 790 690 videtur
816 648 995 690 secutus
1023 656 1126 690 esse
1152 643 1250 686 sola
1279 642 1495 698 Antiopa,
1523 652 1650 697 quam

185 718 339 764 Cicero
368 719 454 777 [de
480 718 550 761 fin.
582 717 633 775 1,
662 717 740 775 2.)
770 716 827 761 ad
856 717 1036 760 verbum
1065 718 1126 759 ait
1154 727 1210 758 ex
1240 713 1415 758 Graeca
1438 723 1541 756 esse
1565 723 1649 755 ex-

182 805 393 851 pressam.
467 789 728 848 Sophoclem
783 793 828 833 in
879 790 1075 848 pluribus
1124 787 1287 832 fabulis
1327 787 1396 832 est
1435 786 1651 829 imitatus:

185 863 377 920 Teucro,
418 864 542 906 cuius
584 875 667 906 non
695 863 790 905 sine
815 859 946 905 laude
972 861 1224 904 mentionem
1253 858 1361 902 facit
1390 856 1545 902 Cicero
1577 855 1669 916 ³)3·

184 934 378 993 Chryse,
419 935 675 992 Hermiona,
714 937 758 978 et
794 932 986 993 Niptris,
1024 935 1070 977 in
1108 944 1195 990 qua
1233 929 1459 975 condenda
1499 929 1652 975 Pacu-

183 1008 304 1051 vium
352 1007 487 1050 libere
534 1006 710 1063 ingenio
748 1019 827 1048 suo
866 1004 1106 1048 indulsisse
1139 1017 1227 1047 non
1261 1003 1447 1047 obscure
1489 1001 1653 1046 indicat

182 1078 295 1122 idem
323 1077 385 1136 4).
434 1078 665 1122 Armorum
692 1076 894 1120 iudicium
923 1089 1021 1119 num
1051 1087 1107 1118 ex
1135 1074 1370 1134 Sophoclis
1398 1074 1540 1119 Aiace
1567 1086 1650 1117 ex-

182 1163 382 1209 pressum
412 1151 470 1193 sit
496 1151 647 1207 possis
677 1147 945 1192 addubitare.
993 1148 1045 1191 ln
1072 1147 1309 1191 Duloreste
1338 1149 1504 1206 autem,
1530 1147 1652 1190 cele-

182 1224 370 1267 berrima
408 1222 487 1265 illa
525 1220 677 1264 fabula
715 1221 1027 1264 tractaveritne
1062 1219 1291 1263 Pacuvius
1319 1218 1500 1263 eandem
1527 1230 1654 1277 quam

182 1293 418 1353 Euripides
445 1295 489 1336 In
517 1292 745 1350 Iphigenia
776 1292 962 1336 'l'aurica
990 1294 1210 1336 materiam
1227 1325 1240 1350 ,
1270 1305 1383 1350 quae
1410 1290 1653 1349 Stieglitzii

186 1368 256 1410 est
285 1366 521 1421 sententia,
558 1357 702 1421 magis
727 1366 853 1407 etiam
883 1368 952 1408 est
978 1355 1165 1408 dubium.
1220 1364 1433 1422 Reliquas
1461 1364 1650 1419 fabulas,
1710 1415 1719 1423 Γ

182 1437 389 1495 Medum,
414 1438 608 1494 Ilionam,
637 1436 906 1492 Periboeam,
933 1436 1201 1493 Atalantam,
1232 1449 1288 1480 ex
1316 1437 1476 1495 quibus
1502 1435 1651 1481 Grae-

185 1512 250 1554 cis
305 1510 515 1568 exemplis
565 1505 832 1567 expresserit
880 1522 1065 1567 prorsus
1103 1511 1307 1553 nescitur.
1374 1510 1501 1553 Haec
1538 1510 1649 1553 enim

184 1584 400 1639 postremo
436 1581 532 1625 loco
571 1583 745 1639 posita,
792 1583 833 1624 si
870 1580 1116 1638 fragmenta
1152 1595 1237 1626 non
1275 1580 1331 1624 ad
1370 1580 1652 1637 Arcadicam,

185 1653 265 1698 sed
306 1655 554 1698 Boeoticam
582 1653 833 1697 Atalantam
861 1652 1091 1697 referenda
1117 1666 1219 1698 esse
1246 1655 1407 1697 rectius
1435 1653 1653 1697 contendit

185 1725 449 1769 Welckerus
478 1723 588 1783 (Gr.
604 1727 720 1782 trag.
737 1740 779 1782 p.
801 1723 995 1783 1212),
1024 1725 1082 1769 ad
1101 1725 1315 1784 Aeschyli
1326 1726 1400 1770 vel
1413 1724 1653 1783 Phrynichi

187 1798 427 1855 exemplum
462 1797 580 1840 facta
622 1809 723 1840 esse
750 1810 835 1840 non
862 1799 1015 1855 potest.
1071 1796 1209 1855 Atqui
1236 1800 1300 1841 tot
1326 1800 1500 1856 tamque
1527 1797 1649 1841 cele-

186 1869 335 1914 bratas
361 1869 534 1913 fabulas
565 1869 716 1927 quales
745 1871 846 1913 sunt
871 1869 1014 1921 Iliona
1042 1870 1085 1913 et
1102 1870 1374 1927 Dulorestes,
1402 1882 1457 1914 ne
1483 1872 1652 1914 nomine

188 1941 360 2000 quidem
389 1941 446 1985 ad
474 1955 557 1986 nos
584 1944 844 2001 pervenisse
871 1956 999 2000 quum
1026 1954 1177 1999 parum
1206 1946 1263 1988 sit
1290 1944 1549 1988 verisimile:
1577 1943 1652 1986 fa-

188 2014 272 2058 cile
307 2016 352 2057 ut
378 2015 604 2059 coniiciam
632 2013 734 2058 mihi
761 2013 1075 2073 persuadeam,
1111 2017 1156 2058 in
1185 2015 1253 2059 his
1281 2016 1439 2060 fabulis
1468 2027 1653 2074 compo-

188 2085 341 2129 nendis
372 2089 493 2130 certa
521 2088 605 2131 sibi
632 2087 830 2147 exempla
857 2100 941 2131 non
967 2090 1253 2146 proposuisse
1277 2088 1544 2144 Pacuvium,
1574 2087 1656 2132 sed

189 2159 263 2202 vel
303 2170 415 2217 quae
456 2158 615 2204 Graeci
654 2162 819 2204 intacta
844 2160 1112 2218 reliquerant
1139 2163 1403 2218 argumenta
1420 2163 1653 2216 tractasse,

263 2323 297 2369 ³)
332 2324 384 2361 De
406 2330 493 2365 orat.
521 2325 554 2369 1,
580 2326 654 2364 58.:
690 2327 784 2366 „Nec
808 2329 982 2374 quisquam
1008 2332 1060 2361 est
1090 2338 1206 2363 eorum
1231 2328 1548 2374 (adolescentium),
1583 2328 1652 2373 qui,

328 2388 358 2422 si
380 2389 447 2423 iam
470 2390 515 2423 sit
536 2389 753 2425 ediscendum
776 2390 841 2425 sibi
855 2390 992 2437 aliquid,
1016 2401 1084 2424 non
1095 2389 1260 2426 Teucrum
1286 2392 1422 2428 Pacuvii
1440 2392 1531 2427 malit
1553 2401 1652 2436 quam

329 2450 521 2486 Manilianas
543 2451 711 2487 venalium
733 2453 987 2489 vendendorum
1010 2452 1105 2500 leges
1129 2455 1327 2499 ediscet-12¹¹,
1351 2456 1388 2491 cf
1420 2454 1463 2490 ib.
1487 2453 1522 2495 2,
1546 2453 1607 2488 46.

261 2510 295 2554 ⁸)
330 2511 460 2549 Tuscul.
487 2515 536 2559 ll,
559 2515 616 2550 21.
641 2515 688 2551 49
709 2528 719 2551 ε
756 2516 945 2558 „Pacuvius
968 2516 1032 2551 hoc
1055 2517 1173 2552 melius
1191 2529 1290 2564 quam
1315 2517 1509 2564 Sophocles.
1550 2517 1654 2563 Apud

330 2574 420 2610 illum
446 2580 534 2613 enim
558 2589 718 2625 perquam
741 2566 897 2616 flebiliter
919 2579 1056 2624 ulysses
1080 2581 1276 2616 lamentatur
1301 2582 1335 2615 in
1348 2580 1500 2615 vulnere.
1527 2601 1570 2607 —
1596 2581 1654 2615 In-

331 2636 450 2681 telligit
473 2646 572 2687 poeta
595 2641 763 2687 prudens,
785 2643 917 2679 ferendi
940 2642 1066 2679 doloris
1090 2643 1362 2679 consuetudinem
1386 2655 1464 2679 esse
1482 2654 1549 2680 non
1569 2656 1655 2679 con*

330 2703 539 2739 temnendam
552 2706 780 2751 magistram.“
793 2726 836 2732 —-
847 2707 902 2742 Ad
913 2707 1096 2745 Romanam
1117 2708 1217 2755 igitur
1237 2717 1261 2753 g
1272 2718 1287 2741 r
1301 2718 1320 2742 a
1334 2718 1354 2742 v
1367 2708 1378 2743 i
1391 2713 1487 2743 tate
1498 2719 1530 2743 m
1554 2709 1654 2743 dolo-

333 2774 404 2798 rum
431 2768 696 2805 accommodavit
720 2769 989 2816 descriptionem.
