1824 3208
931 83 1004 132 46

395 203 678 264 tardigradus
706 207 811 251 Ant.
828 206 921 253 11.
1079 263 1083 272 ι

389 280 643 324 flexanimus
670 280 819 323 Herm.
851 281 929 326 17.
974 283 1104 328 Teuc.
1136 282 1179 327 1.

386 352 672 396 cornifrontes
701 351 982 411 [amentes]
1011 355 1188 415 Antiop.
1218 368 1353 415 supra
1379 355 1427 416 6,

385 425 778 469 incurvicervicum

386 497 755 556 repandirostrum
789 489 790 492 ¹

219 583 334 629 quae
348 570 434 616 duo
449 573 695 631 posteriora
708 583 763 615 ex
773 572 1101 630 praepositione
1116 572 1159 613 et
1169 569 1339 615 duobus
1348 570 1577 616 vocabulis
1587 573 1694 619 dure

217 642 393 696 videtur
421 645 636 688 struxisse
663 643 889 688 Pacuvius
918 642 1180 697 Quintiliano
1211 641 1239 686 1
1253 675 1266 700 ,
1295 642 1351 700 5,
1378 639 1462 689 67.

329 716 675 760 Pronomina
704 715 861 775 „quis“
892 714 1027 774 [qui]
1057 718 1100 758 et
1126 714 1225 773 „is“
1255 715 1415 774 plurali
1441 727 1617 761 numero
1646 719 1692 761 in

217 799 279 831 es
320 790 405 831 tum
435 790 638 846 temporis
668 790 833 832 exiisse
860 789 1115 846 argumento
1144 788 1213 830 est
1242 786 1364 833 Med.
1397 784 1496 833 19.:
1540 787 1690 846 „Ques

215 862 316 904 sunt
344 855 430 905 es?
458 886 511 892 -—
542 861 709 919 Ignoti,
737 864 888 906 nescio
920 874 1028 919 ques
1054 859 1316 917 ignobiles.“
1344 859 1413 919 *J
1480 860 1691 916 Quoius

214 932 449 977 secundum
493 931 606 977 Geli.
649 933 707 992 4,
750 933 829 978 17.
879 935 1106 991 genitivus
1158 933 1227 976 cst
1272 933 1390 992 apud
1434 933 1689 979 Pacuvium.

215 1004 357 1059 Quoi
385 1005 497 1050 dixit
523 1006 684 1050 Livius
711 1007 840 1052 Hom.
870 1003 954 1050 Od.
985 1003 1147 1063 (vm,
1180 1001 1352 1065 139.);
1391 1008 1524 1051 ceteri
1554 1018 1688 1052 casus

210 1078 307 1122 fere
348 1081 395 1123 ut
429 1080 475 1121 in
510 1080 693 1136 vulgari
731 1079 992 1139 posterioris
1030 1079 1188 1122 aetatis
1232 1092 1316 1123 usu
1343 1080 1548 1137 leguntur
1574 1091 1688 1124 nunc

211 1150 330 1210 apud
360 1152 571 1195 nostrum.
621 1150 821 1196 Ceterum
849 1153 970 1209 quis
999 1151 1126 1194 etiam
1143 1150 1347 1196 feminino
1368 1163 1532 1210 genere
1550 1164 1687 1196 usur-

210 1225 360 1281 patum
398 1235 501 1267 esse
538 1225 594 1269 ab
632 1225 804 1282 „Ennio
840 1225 883 1267 et
913 1224 1112 1267 Pacuvio
1153 1225 1196 1267 ct
1230 1224 1287 1268 ab
1327 1227 1426 1282 ipso
1457 1223 1686 1268 Terentio“

209 1297 338 1338 testis
377 1297 447 1339 est
487 1295 722 1354 Pompeius
762 1296 1068 1340 commentario
1106 1308 1187 1339 ms.
1225 1297 1271 1338 in
1312 1296 1529 1340 Donatum
1570 1296 1683 1354 apud

208 1366 436 1411 Rhunken.
464 1368 508 1410 in
538 1367 618 1411 Iul.
646 1366 859 1411 Rufinian.
888 1381 930 1425 p.
960 1364 1077 1410 262.
1108 1391 1161 1399 -
1192 1366 1529 1412 Vestrorum
1558 1368 1679 1412 Atal.

208 1436 316 1495 21„
344 1437 521 1483 videtur
542 1450 643 1482 esse
664 1451 752 1497 -pro
782 1440 1045 1482 vestrum.
1086 1437 1269 1496 Insigne
1298 1442 1386 1497 est,
1415 1439 1529 1497 quod
1553 1439 1685 1483 habet

206 1509 369 1554 Festus
398 1525 440 1568 p.
469 1509 585 1555 325.
616 1509 766 1569 [M.]:
807 1522 950 1569 „sas‚
977 1511 1135 1569 inquit,
1168 1511 1351 1557 Verrius
1382 1513 1507 1570 putat
1535 1514 1683 1570 signi-

206 1582 341 1626 ficare
385 1595 479 1627 eas
520 1609 573 1615 —
612 1609 665 1615 -
708 1583 819 1627 idem
864 1595 960 1627 cum
1003 1585 1065 1626 ait
1104 1595 1331 1642 sapsam
1366 1598 1455 1643 pro
1475 1587 1575 1643 Ipsa
1601 1597 1683 1628 nec

205 1656 295 1699 alia
326 1680 379 1686 -
409 1679 464 1698 ῳ
492 1655 598 1699 Pac.
627 1659 672 1699 in
703 1656 894 1700 Teucro:
928 1655 1041 1699 Nam
1071 1655 1281 1700 Teucrum
1311 1661 1410 1715 regi
1439 1669 1577 1716 sapsa
1608 1670 1681 1701 res

202 1726 475 1771 restibiliet.“
513 1728 712 1775 >Praeter
747 1731 797 1772 is
844 1728 921 1779 (ἴς)
962 1729 1097 1785 igitur
1135 1731 1260 1771 etiam
1305 1744 1396 1773 sus
1433 1728 1542 1788 ἢῆ)
1582 1728 1679 1787 (sa,

203 1805 369 1855 su(m);
402 1797 476 1849 ὁς,
511 1797 560 1859 ἣ,
595 1799 709 1850 ὁ(ν)ε
740 1801 914 1857 ipsus,
944 1801 1079 1859 ipsa,
1110 1800 1312 1860 ipsum)
1351 1799 1467 1860 apud
1507 1803 1679 1859 priscos

201 1872 386 1916 Latinos
413 1871 556 1915 fuisse
584 1874 627 1914 in
656 1886 740 1915 usu
769 1872 843 1915 vel
873 1884 928 1915 ex
957 1871 1042 1915 hoc
1057 1873 1253 1931 exemplo
1270 1872 1520 1918 concludas,
1550 1873 1677 1929 Hinc,

201 1946 249 1988 ut
275 1945 416 1989 obiter
445 1956 663 2000 moneam,
694 1946 824 2004 tum,
867 1943 981 2002 quod
1011 1946 1080 1988 est
1107 1944 1218 1988 idem
1246 1956 1300 1989 ac
1339 1959 1480 2002 sum,
1523 1946 1566 1988 in
1595 1944 1677 1988 de-

201 2019 519 2061 monstrativae
544 2016 789 2074 particulae
819 2017 924 2061 abiit
937 2031 1074 2075 usum,
1104 2017 1161 2062 ad
1175 2030 1302 2076 quam
1316 2018 1503 2063 refertur
1549 2032 1675 2077 quum

202 2087 290 2149 [τὸ
308 2097 414 2142 (τε),
449 2089 569 2140 ὁίτε)
580 2089 624 2147 J.
683 2087 857 2134 Omisso
894 2105 917 2133 s
945 2090 1020 2133 vel
1050 2102 1208 2149 aspero
1235 2093 1388 2149 spiritu
1416 2091 1676 2135 efficiebatur

200 2176 266 2206 os
277 2195 290 2221 ,
317 2177 402 2206 um
434 2164 531 2221 (im,
560 2169 671 2221 em),
705 2174 805 2220 am,
852 2175 908 2206 ex
937 2163 1094 2220 quibus
1123 2163 1430 2220 conglutinatis
1460 2175 1556 2207 cum
1587 2176 1675 2206 vo-

925 463 1075 507 incert.
1106 462 1192 507 fab.
1223 463 1270 507 ὅ.

267 2328 307 2374 ¹⁸¹)
344 2328 472 2364 Eadem
507 2329 637 2364 ratione
660 2329 744 2364 dixit
766 2327 942 2364 Terentius
965 2328 1051 2364 Eun.
1076 2328 1110 2372 2,
1135 2328 1170 2371 2,
1193 2327 1249 2365 38.
1282 2329 1418 2367 hisce
1451 2340 1514 2376 pro
1550 2327 1671 2372 hice,

337 2392 476 2427 Plautus
507 2391 673 2426 illisce
697 2402 787 2429 nom.
814 2392 900 2437 plur.
934 2392 967 2426 2.
992 2392 1099 2427 decl:
1131 2393 1229 2428 Most.
1253 2393 1341 2429 5¹0:
1379 2393 1539 2428 illisce
1569 2392 1672 2427 hodie

334 2455 421 2490 hanc
446 2453 691 2489 conturbabunt
713 2454 878 2497 fabulam3
913 2465 945 2489 v.
970 2453 1059 2491 9352
1085 2455 1165 2500 quid
1199 2454 1362 2490 illisce
1385 2454 1539 2490 homines
1562 2466 1670 2501 quae-

334 2524 412 2553 runt
435 2517 525 2563 apud
546 2517 642 2552 aedis
665 2528 767 2551 meas.
816 2517 856 2550 V.
883 2517 1102 2552 Ritschelium
1126 2517 1210 2554 Mus.
1234 2517 1342 2553 Rheu.
1367 2516 1422 2552 ix.
1447 2528 1482 2562 p.
1509 2517 1587 2554 156.

243 2580 304 2624 **)
335 2581 463 2615 Ennius
488 2580 578 2626 apud
603 2580 739 2614 Festum
764 2579 786 2613 1.
812 2580 822 2613 l
844 2593 853 2613 ε
891 2580 962 2615 Nec
988 2582 1163 2626 quisquam
1186 2581 1360 2626 sophiam,
1394 2581 1558 2625 sapientia
1581 2592 1670 2627 quae

1325 2642 1528 2690 perhibetur,

889 2708 928 2741 ln
956 2706 1104 2741 somneis
1119 2706 1207 2741 vidit
1219 2706 1405 2752 prin’quam
1427 2719 1512 2744 san
1536 2709 1667 2743 discere

1333 2771 1455 2818 coepit.
