1856 3107
929 85 994 131 13

228 210 413 256 tudinem
444 209 637 254 vindicat
665 208 833 269 Gellius
862 210 921 269 (1.
947 211 1021 270 1.).
1070 212 1196 257 Haec
1221 211 1559 269 „senteritiarum
1586 222 1696 268 gra-

227 285 371 338 vitas,
399 282 630 329 verborum
659 282 851 343 pondus,
887 287 1125 330 auctoritas
1157 296 1455 344 personarum,
1483 281 1554 343 *J
1584 296 1698 341 quae

225 353 377 399 laudat
404 354 692 409 Quintilianus
723 355 847 415 (10,
879 357 978 417 1.),
1027 358 1214 415 denique
1232 357 1565 414 elegantIssimn
1585 366 1699 414 gra-

226 428 371 485 vitas,
408 423 532 486 quam
571 428 742 475 Gellius
782 426 867 489 (1,
896 429 1008 490 24.)
1037 433 1077 476 ei
1105 430 1278 486 tribuit,
1319 429 1498 475 aliorum
1527 440 1699 490 quoque

226 503 267 543 ei
295 502 546 545 conciliavit
572 505 738 547 animos
766 505 1021 547 criticorum.
1075 503 1175 557 Quo
1203 502 1363 545 factum
1393 505 1475 558 est,
1503 504 1553 547 ut
1578 501 1698 561 apud

228 569 479 619 Ciceronem
516 574 572 619 de
607 577 694 634 opt.
732 586 832 633 gen.
870 589 934 621 or.
973 575 1017 620 1.
1054 588 1143 621 non
1184 575 1280 620 sine
1305 574 1445 633 ipsius
1473 572 1697 619 Ciceronis

227 656 442 691 consensu
477 661 687 692 summum
725 649 939 705 tragicum
975 647 1144 692 dicatur
1178 647 1443 691 licereeum
1472 647 1696 705 appellari.

227 717 395 764 Versus
434 720 527 765 eius
566 722 747 765 ornatos
788 720 1120 779 elaboratosque
1149 719 1303 765 laudat
1326 718 1438 764 idem
1467 718 1587 764 Orat.
1619 718 1696 763 11.

226 791 379 850 Neque
407 790 526 836 aliud
554 791 785 850 quidquam
813 793 899 836 nisi
926 792 1009 837 hos
1039 794 1218 837 ornatos
1236 792 1574 849 elaboratosque
1588 802 1698 834 ver-

228 879 305 908 sus
334 866 378 908 et
404 864 543 922 illam,
579 875 705 923 quam
733 862 902 909 Gellius
929 864 1100 924 laudat,
1138 865 1508 923 elegantissimam
1536 863 1698 920 gravi-

228 939 357 980 tatem
406 948 434 979 a
469 937 686 981 Frontone
720 939 963 995 putaverim
1008 937 1270 995 significari,
1324 940 1400 995 qui
1437 935 1696 981 mediocrem

228 1021 323 1053 eum
363 1008 478 1054 dicit.
542 1009 707 1054 Eadem
748 1012 816 1053 est
852 1011 963 1054 ratio
1004 1010 1196 1054 auctoris
1235 1008 1293 1053 ad
1329 1010 1519 1055 Herem
1547 1010 1605 1070 4,
1633 1008 1696 1069 4.,

227 1084 300 1140 qui
328 1084 422 1128 eius
448 1077 654 1141 periodos
680 1081 844 1126 laudat.

339 1155 462 1199 Haec
510 1155 690 1199 ubertas
745 1156 787 1197 et
823 1155 866 1197 in
904 1152 1087 1198 dicendo
1128 1154 1349 1211 elegantia
1392 1167 1477 1199 non
1520 1156 1698 1212 vulgari

227 1227 354 1272 modo
391 1227 564 1271 exculta
605 1228 711 1270 erat.
768 1225 967 1282 Namque
1009 1239 1096 1269 non
1124 1226 1264 1269 solum
1292 1237 1492 1282 magnam
1522 1226 1698 1284 mytho-

226 1300 374 1356 logiae
401 1292 690 1355 cognitionem
712 1297 794 1342 sed
810 1298 938 1341 etiam
957 1300 1143 1341 animum
1160 1297 1462 1356 philosophiae
1478 1298 1698 1343 addictum

227 1371 437 1416 habuisse
472 1382 567 1415 eum
604 1370 676 1413 vel
704 1371 804 1426 ipsa
829 1369 1076 1426 fragmenta
1102 1369 1346 1414 ostendunt.
1404 1369 1503 1425 Quo
1534 1370 1696 1414 factum

227 1455 329 1488 esse
356 1442 503 1500 dicaS,
543 1444 590 1487 ut
617 1441 734 1500 quod
760 1443 917 1501 postea
944 1442 1074 1486 eiiam
1100 1441 1332 1500 Propertio
1361 1442 1541 1500 obtigit,
1577 1441 1696 1486 docti

226 1518 481 1574 cognomine
517 1514 740 1573 praeditus
781 1514 912 1574 apud&
928 1516 1129 1573 antiquos
1157 1528 1244 1559 non
1271 1515 1406 1559 semel
1432 1516 1697 1571 inveniatur,

227 1599 483 1646 quamquam
511 1586 707 1644 equidem
738 1600 824 1630 non
851 1589 1018 1631 invitus
1044 1588 1234 1646 fecerim,
1263 1590 1312 1631 ut
1337 1587 1449 1631 idem
1478 1586 1537 1631 ad
1563 1588 1696 1645 inge-

226 1664 396 1705 niosam
424 1659 667 1703 fabularum
699 1661 940 1716 argumenti
975 1661 1184 1712 rationem
1211 1660 1409 1704 referam.
1471 1660 1565 1704 Iam
1592 1660 1696 1704 Ho-

226 1734 327 1776 ratii
364 1732 629 1789 temporibus
667 1733 711 1775 in
739 1731 1090 1791 disceptationem
1120 1726 1348 1775 consuevit
1376 1732 1557 1790 cadere,
1597 1735 1695 1777 uter

228 1807 348 1849 esset
376 1807 541 1861 maior,
575 1803 802 1848 Pacuvius
838 1816 895 1848 an
930 1803 1103 1861 Attius3
1146 1806 1190 1847 et
1216 1803 1391 1848 videtur
1425 1807 1694 1864 antiquitatis

229 1876 521 1922 studiosorum
551 1878 723 1927 nomine
750 1879 794 1920 et
819 1875 977 1920 iudicio
1004 1876 1296 1935 respondere,
1344 1877 1516 1921 auferre
1542 1878 1694 1922 Pacu-

227 1950 347 1992 vium
373 1948 489 1992 docti
515 1948 672 1992 famam
701 1952 847 2008 senis,
874 1948 1041 1992 Ati-ium
1071 1949 1148 1992 alti
1176 1947 1273 2007 [ep.
1295 1948 1352 1992 11.
1374 1948 1555 2008 1,5⁵.].
1582 1948 1694 1994 Cum

228 2035 315 2079 quo
345 2022 557 2065 consentit
574 2019 865 2074 Quintilianus
894 2019 1007 2079 (10,
1022 2019 1120 2080 1.)‚
1150 2022 1242 2079 qui:
1271 2021 1525 2082 Pacuvium,
1539 2024 1694 2081 inquit,

228 2093 382 2138 videri
407 2092 643 2137 doctiorem
681 2097 757 2153 qui
788 2106 890 2139 esse
928 2092 1044 2138 docti
1080 2093 1283 2138 affectant
1321 2094 1487 2139 volunt.
1542 2095 1694 2142 Attius

227 2170 363 2225 igitur
391 2169 465 2210 aut
491 2178 587 2210 cum
615 2178 668 2210 eo
698 2168 943 2223 confertur,
972 2168 1047 2210 aut
1074 2167 1197 2211 solus
1225 2170 1266 2211 ei
1294 2167 1566 2226 praefertur,
1593 2170 1641 2213 ut
1667 2181 1695 2214 a

228 2241 395 2285 Velleio
428 2239 601 2284 Patere.
638 2238 680 2296 l,
712 2238 813 2297 17.;
852 2238 901 2297 2,
929 2235 976 2284 9.
1018 2240 1061 2282 et
1089 2234 1253 2283 Colum.
1281 2239 1337 2283 de
1363 2252 1399 2284 r.
1426 2252 1463 2283 r.
1491 2240 1527 2284 Ι.
1554 2241 1693 2300 praei.

229 2311 325 2359 Sed
359 2314 423 2357 tot
457 2312 674 2369 tantisque
711 2311 913 2356 laudibus
950 2309 1091 2355 videri
1129 2314 1317 2370 possunt
1343 2311 1513 2356 officere
1540 2313 1692 2357 variae

228 2396 340 2442 quas
383 2385 562 2430 incurrit
601 2383 827 2429 Pacuvius
862 2382 1223 2441 reprehensiones
1237 2416 1251 2441 ,
1291 2383 1347 2428 de
1385 2384 1538 2442 quibus
1579 2395 1693 2428 nunc

228 2454 453 2501 dicendum
481 2458 562 2501 est.
616 2456 710 2501 Iam
737 2458 888 2500 vivum
915 2467 944 2498 a
970 2454 1137 2499 Lucilio
1152 2487 1166 2513 ,
1206 2457 1434 2501 satirarum
1464 2455 1692 2515 scriptore,

229 2529 299 2572 cui
316 2549 320 2555 ·
335 2527 452 2574 docti
492 2531 536 2574 et
562 2527 781 2574 artificiosi
806 2529 979 2590 prologi
1005 2526 1281 2587 displicuisse
1307 2528 1530 2590 videntur,
1569 2543 1693 2577 mor-

275 2692 316 2739 ¹⁸)
346 2691 400 2732 Cf-
422 2694 546 2742 frum·
560 2694 669 2733 Teuc.
694 2695 730 2735 4.
754 2695 786 2731 5,
809 2694 956 2742 (Bothe)
977 2694 1073 2732 Iliun.
1100 2696 1156 2734 11.
1187 2696 1264 2735 nul,
1287 2694 1345 2731 25.
1370 2695 1461 2743 Nipt.
1489 2696 1546 2733 11.“
1579 2697 1692 2738 Perii».

343 2755 383 2799 8372
403 2755 438 2792 9.
465 2756 521 2798 1¹.¹
543 2758 603 2796 27.
