1856 3107
948 57 1010 100 15

237 188 477 234 Pacuvium
508 185 656 228 verbis
685 182 1034 226 insolentioribus
1063 193 1238 239 operam
1268 179 1446 223 dedisse
1474 180 1517 222 et
1545 182 1589 222 in
1617 194 1701 225 no-

240 264 311 306 vis
347 256 651 315 componendis
677 258 852 309 ,maiore
881 266 1004 313 quam
1035 255 1217 298 Latinae
1244 254 1422 311 linguae
1449 252 1562 296 ratio
1592 263 1702 296 con—

237 332 393 377 cedere
424 331 655 385 vffleretur,
673 329 858 372 audacia
886 343 1012 371 usum
1033 340 1149 382 osse,
1177 327 1422 382 fragmenta
1450 327 1552 384 ipsa
1574 325 1703 369 facile

238 404 363 448 nobis
392 403 691 461 persuadeant.
748 399 840 446 Sed
869 399 950 443 hoc
978 403 1118 459 ipsum
1144 401 1189 442 in
1216 400 1420 456 temporis
1445 399 1562 443 illius
1589 410 1703 442 con·—

229 476 398 519 ditione
434 479 598 534 potius,
638 475 711 519 ubi
754 474 809 517 ab
849 474 960 516 omni
997 474 1122 531 parte
1160 470 1345 514 nondum
1385 472 1531 515 stabat
1558 484 1700 516 sermo

238 561 374 606 neque
405 551 488 592 tam
518 551 651 592 arctis
673 558 805 607 quam·
826 547 978 603 postea
1004 544 1158 589 finibus
1186 543 1381 588 inclusus
1399 546 1505 601 erat,
1528 544 1702 589 videtur

238 621 378 665 fuisse
414 624 622 680 positum3
666 619 723 662 ad
760 630 884 676 quam
920 630 1008 661 rem
1044 618 1155 661 bene
1182 616 1476 671 Quintilianus
1504 614 1626 672 (10,
1655 616 1698 660 1.

237 691 371 753 970:
401 692 601 739 Ceterum
614 725 627 749 ‚
657 692 811 749 inquit,
839 691 951 734 nitor
978 692 1020 734 et
1046 702 1212 749 summa
1239 690 1283 733 in
1311 686 1562 733 excolendiS
1591 700 1700 746 ope-

236 766 356 810 ribus
395 777 547 810 manus
583 765 726 821 magis
761 761 904 806 videri
942 764 1085 820 potest
1125 763 1388 821 temporibus
1423 772 1550 819 quam
1590 762 1700 819 ipsis

238 827 411 896 [poetis
437 838 552 881 illius
580 836 766 894 aetatis)
795 834 1000 900 defuisse.
1703 834 1708 838 '

346 911 448 953 Fuit
484 912 640 967 igitur,
678 911 725 953 ut
762 919 874 966 quae
903 906 1088 950 diximus
1117 906 1326 950 brevibus
1355 904 1700 964 comprehenda-

236 996 350 1040 mus,
397 983 623 1026 Pacuvius
661 995 824 1025 summo
854 981 1026 1036 ingenio
1053 981 1182 1036 poeta
1208 981 1476 1037 omniumque
1503 980 1698 1022 veterum

160 1056 162 1059 ’
236 1057 500 1112 tragicorum
541 1060 614 1097 aut
655 1056 833 1111 primum
873 1054 946 1093 aut
976 1054 1076 1108 post
1104 1051 1268 1094 Attium
1299 1052 1531 1096 'secundum
1559 1052 1700 1095 locum

236 1113 407 1171 obtinet.

345 1198 436 1240 lam
473 1200 667 1241 venimus
703 1196 758 1239 ad
797 1199 919 1253 ipsas
948 1195 1187 1247 fabularum
1217 1196 1425 1252 reliquias
1455 1210 1700 1255 proponen-

235 1270 338 1328 das,
367 1282 476 1328 quas
505 1270 647 1328 quoad
676 1283 754 1327 pro
784 1268 950 1311 viribus
978 1268 1080 1311 lieet
1107 1268 1429 1311 illustr-abimus,

882 1387 1052 1446 ΙΙΙ.

241 1539 245 1549 ‹
313 1503 638 1563 Pacuvii
664 1501 1127 1561 ‘fabularum
1170 1499 1628 1574 fragmenta.

346 1639 404 1684 Ut
431 1641 476 1683 in
503 1639 709 1683 aedificiis
733 1641 987 1698 scriptorum
1013 1640 1173 1698 prioris
1201 1639 1358 1682 aetatis
1386 1639 1589 1685 laudibus
1616 1653 1695 1686 ce-

232 1713 433 1771 lebratis,
463 1713 615 1771 quibus
646 1714 821 1771 praeter
846 1723 1011 1771 paucas
1038 1712 1244 1770 reliquias
1266 1713 1471 1770 temporis
1490 1714 1693 1772 iniquitas

234 1799 320 1829 non
347 1787 559 1843 pepercit,
589 1787 734 1843 operis
762 1787 948 1842 speciem
977 1784 1219 1827 deformare
1238 1773 1444 1827 summam
1461 1798 1547 1828 non
1566 1786 1691 1830 modo

233 1857 559 1901 delectationem
585 1856 716 1900 habet
743 1857 820 1900 sed
851 1857 907 1900 ad
936 1859 1059 1915 ipsas
1086 1858 1291 1915 reliquias
1310 1859 1428 1901 recte
1444 1859 1692 1917 intelligen-

233 1928 316 1973 das
342 1930 563 1988 plurimum
593 1930 770 1988 confert,
798 1933 858 1973 ita
886 1930 1125 1974 fabularum
1154 1942 1335 1988 quoque,
1363 1942 1474 1988 quae
1495 1932 1692 1988 integrae

233 2015 318 2046 non
355 2005 551 2061 exstant,
594 2001 807 2060 quandam
835 2003 1014 2048 formam
1044 2002 1412 2061 quasi'delineare
1438 2017 1525 2048 non
1551 2004 1691 2049 solum

232 2075 457 2118 maximam
484 2075 609 2119 affert
635 2076 898 2135 voluptatem
927 2075 1007 2120 sed
1034 2079 1161 2120 etiam
1182 2076 1239 2121 ad
1255 2077 1428 2134 singula
1446 2076 1693 2134 fragmenta

234 2149 278 2190 in
303 2158 355 2190 ea
392 2159 477 2204 qua
518 2159 598 2205 par
637 2151 705 2192 est
731 2150 827 2192 luce
854 2148 1134 2207 collocanda,
1172 2149 1290 2193 haud
1320 2153 1483 2206 exiguo
1510 2152 1580 2194 est
1606 2150 1692 2194 ad-

233 2220 427 2262 iumento.
483 2219 580 2263 Hoc
619 2221 780 2278 ipsum-
797 2222 836 2265 si
864 2220 954 2264 fieri
983 2222 1126 2279 potest
1154 2220 1211 2264 ad
1239 2214 1591 2279 cognoscendum
1618 2224 1689 2265 in-

234 2292 405 2348 genium
451 2293 669 2350 totamque
715 2295 759 2337 in
806 2293 966 2338 fabulis
1011 2293 1249 2339 condendis
1291 2297 1448 2355 poetae
1484 2298 1687 2339 rationem

232 2363 386 2408 valere
411 2364 632 2423 plurimum
660 2379 745 2411 non
775 2369 844 2411 est
871 2366 986 2425 quod
1012 2366 1208 2425 pluribus
1224 2366 1376 2413 dicam.
1415 2367 1539 2423 Quae
1559 2381 1687 2425 quum

233 2434 296 2478 ita
332 2438 442 2495 sint,
489 2436 743 2484 diffitendum
780 2442 923 2485 tamen
958 2453 1043 2485 non
1080 2442 1172 2498 est,
1213 2454 1342 2501 quam
1378 2442 1519 2487 multis
1553 2451 1690 2498 saepe

232 2505 550 2555 difficultatibus
589 2511 662 2555 hie
700 2513 968 2572 laboremus,
1018 2525 1230 2573 quamque
1273 2514 1436 2559 lubrica
1475 2512 1688 2558 interdum

233 2581 310 2623 via
345 2583 403 2626 sit
440 2583 735 2642 ingredienda.
789 2586 959 2632 Etenim
986 2599 1043 2631 ex
1069 2585 1279 2645 Graecis,
1315 2586 1372 2631 ad
1397 2597 1511 2645 quae
1536 2587 1687 2634 Pacu-

233 2653 335 2697 vius
369 2652 543 2707 sabinas
581 2670 688 2703 suas
725 2660 943 2719 expressit
967 2661 1177 2722 exemplis
1203 2660 1360 2706 nullum
1387 2661 1600 2723 integrum
1627 2665 1686 2711 ad

233 2738 315 2772 nos
333 2730 544 2789 pervenit,
571 2742 723 2791 pauca,
751 2732 864 2792 quod
881 2733 1010 2779 fixerit
1029 2737 1340 2795 argumentum,
1361 2737 1443 2781 vix
1472 2739 1684 2796 suspicari
