1856 3107
919 60 988 104 2?

225 236 231 241 ἡ
333 186 546 238 Fortasse
573 184 645 242 qui
660 184 760 234 *sint
778 181 1085 243 interrogatus
1114 186 1225 230 alter
1252 184 1514 244 respondet:
1685 205 1687 207 ·

279 260 326 306 5.
391 255 589 314 Delphos
626 269 782 302 venum
817 258 954 317 pecus
990 259 1090 316 egi,
1126 258 1242 304 unde
1278 258 1340 302 ad
1374 257 1550 303 stabula
1583 255 1691 300 haec

275 377 279 380 .
1026 332 1155 375 itiner
1181 332 1353 375 contuli.

335 400 544 448 Sermone
579 404 774 449 instituto
800 401 979 448 Orestes
1007 403 1264 464 Iphigeniae
1291 403 1347 448 de
1375 404 1507 449 rebus
1535 402 1692 448 dome-

224 475 349 521 sticis
377 478 596 534 quaerenti
621 474 874 534 respondet:

278 546 328 594 6.
354 548 498 602 ,Peter
526 548 731 594 Achivos
756 551 802 592 in
831 548 1050 609 capharei
1077 550 1201 593 saxis
1228 548 1377 607 pleros
1403 548 1604 606 perdidit.

334 620 586 682 Matricidio
617 617 861 679 perpetrato
889 620 1016 666 domo
1044 634 1095 666 se
1122 622 1316 681 pulsum:

278 694 326 739 ¹7.
387 694 484 737 Nee
514 693 711 749 grandiri
740 694 913 752 frugum
939 695 1069 738 tetum
1097 699 1231 752 posse
1258 706 1340 737 nec
1368 694 1597 736 mitiscere.

335 766 485 809 Fuerit
523 764 778 823 Iphigeniae
804 764 862 809 ad
889 764 1001 809 haee
1026 766 1299 822 nauti-agium
1326 764 1434 809 iliud
1461 764 1518 807 ab
1548 761 1695 806 Oeace

224 837 489 896 praedictum
517 839 857 882 reminiscentis:

229 957 234 960 „
281 908 330 954 S.
870 908 931 953 Ni
958 910 1146 954 calvitur
1173 910 1382 969 suspicio,

393 983 489 1027 Hoc
517 982 586 1042 est
612 981 745 1039 illud,
772 982 888 1040 quod
915 983 1010 1027 fore
1037 984 1206 1027 occulte
1235 982 1363 1027 Oeax
1389 981 1621 1042 praedixit.

230 1103 232 1105 ,
334 1055 546 1100 Eiusdem
574 1054 632 1097 ad
653 1052 851 1098 Orestem
870 1057 1095 1112 paternum
1108 1068 1262 1099 nomen
1276 1066 1440 1099 vocare
1453 1056 1696 1098 verentem:

280 1126 327 1173 9.
873 1120 1027 1179 Quid?
1055 1126 1272 1183 quondam
1298 1127 1343 1170 et
1369 1126 1472 1170 mihi

215 1190 218 1194 ’
394 1199 529 1256 Piget
558 1164 780 1256 paternum
807 1202 987 1255 nomen,
1016 1200 1255 1242 maternum
1282 1197 1429 1257 pudet.

333 1272 480 1317 Etiam
510 1270 620 1315 haec
643 1270 863 1314 tribuerim
890 1269 1053 1315 eidem:

286 1344 365 1390 10.
444 1343 616 1389 Utinam
645 1354 758 1387 nunc
785 1343 1045 1387 matrescam
1071 1344 1260 1400 ingenio,
1288 1345 1336 1387 ut
1362 1347 1501 1389 metim
1527 1347 1696 1403 patrem

1046 1415 1201 1459 ulcisci
1229 1428 1407 1473 queam·
1395 1449 1408 1474 ‚

229 1504 408 1550 quorum
433 1491 577 1533 tamen
605 1500 719 1546 quae
746 1490 805 1531 sit
833 1488 1047 1531 sententia
1075 1486 1260 1530 nondum
1278 1489 1482 1545 intelligit
1498 1486 1696 1535 Orestes.

228 1565 319 1608 lam
347 1564 601 1620 agnoscitur
627 1562 684 1605 ab
712 1560 942 1618 iphigenia
971 1560 1119 1604 frater.
1161 1559 1360 1618 Pylades
1388 1561 1581 1607 fortasse
1608 1563 1697 1606 ali-

228 1635 346 1695 quod
374 1635 429 1679 de
455 1635 596 1679 salute
621 1633 821 1693 paranda
847 1633 1073 1676 consilium
1101 1632 1218 1677 iubet
1245 1633 1468 1691 amplecti:

287 1708 365 1752 11·.
436 1740 448 1751 .
476 1739 489 1751 .
517 1738 529 1750 .
557 1708 698 1752 macte
725 1706 821 1750 esto
851 1708 1034 1765 virtute,
1078 1709 1298 1764 operaque
1324 1718 1452 1751 omen
1478 1706 1697 1766 adproba3

188 1813 190 1816 v
228 1778 497 1825 metuendum
526 1791 647 1837 esse,
678 1790 801 1836 quem
830 1777 1036 1822 describit
1064 1777 1211 1823 hisce:

287 1853 365 1896 12.
430 1853 629 1910 ‘Ampius
657 1850 895 1894 rubicundo
924 1851 1069 1894 colore
1098 1855 1140 1894 et
1152 1852 1309 1910 spectu
1324 1853 1532 1909 protervo
1547 1852 1698 1909 ferox3

227 1938 352 1984 quem
381 1923 497 1968 dicat
523 1925 820 1981 interrogatus
850 1922 1104 1983 respondet:

285 1998 366 2042 13.
430 1998 493 2041 'Is
505 2000 603 2054 quiS
618 1991 779 2040 est‘3-
799 1995 955 2051 Quite,
971 1998 1056 2040 nisi
1071 1997 1188 2040 illum
1203 1999 1249 2040 tu
1263 2009 1453 2056 occupas
1463 1998 1550 2041 leto
1565 1997 1697 2042 dabit.

337 2071 454 2119 Falli
481 2069 611 2114 facile
642 2081 777 2128 posse
806 2068 910 2112 dicit
937 2068 1191 2127 Iphigenia:

286 2144 364 2189 14.
431 2145 552 2200 Heu,
580 2146 667 2186 non
694 2144 924 2199 tyrannum
953 2145 1081 2199 novi,
1109 2142 1450 2186 temeritudinem
1482 2167 1525 2174 -
1551 2139 1578 2187 ’ἓ

337 2214 412 2259 Ad
444 2213 605 2259 callide
629 2214 684 2258 ab
713 2225 767 2257 ea
797 2212 970 2270 aliquod
996 2215 1239 2272 inventum,
1269 2217 1316 2257 ut
1346 2216 1451 2272 quid
1480 2217 1572 2260 fieri
1592 2217 1698 2261 velit

226 2290 418 2348 apertius
446 2286 635 2344 indicet,
663 2284 835 2331 Orestis
863 2285 1053 2330 fortasse
1081 2288 1182 2330 sunt
1208 2287 1348 2331 verba
1374 2287 1514 2334 haec:

285 2363 363 2406 15.
428 2384 482 2392 —
512 2358 607 2406 Sed
633 2371 702 2403 me
728 2360 911 2403 incertat
939 2358 1088 2416 dictio,
1118 2370 1253 2417 quare
1280 2358 1463 2419 expedi!

337 2435 475 2490 Quem
503 2445 680 2477 versum
709 2435 750 2493 si
782 2444 838 2476 ex
869 2430 1038 2477 Graeco
1066 2433 1142 2477 illo
1172 2431 1249 2491 [v.
1284 2430 1483 2492 1162.]:

392 2508 439 2553 τί
470 2503 737 2569 φροιμιάζει
769 2503 991 2568 νεοχμὸν,
1025 2501 1199 2562 ἐξαύδα
1231 2507 1411 2564 σαφῶς,

225 2594 480 2639 expressum
506 2583 689 2638 regique
715 2578 811 2623 dari
839 2579 988 2636 malis,
1016 2592 1103 2624 non
1132 2579 1271 2624 habeo
1293 2578 1407 2637 quod
1428 2576 1570 2623 dicam
1589 2592 1701 2625 con-

224 2660 304 2699 tra.
330 2678 385 2697 ,.-
415 2654 491 2699 Ad
518 2665 596 2711 ea,
631 2651 789 2710 quibus
829 2652 1058 2712 Iphigenia
1101 2652 1347 2710 virginibus
1385 2653 1426 2697 si
1454 2654 1701 2699 tenuissent
