1856 3107
915 52 974 117 ¹1.

214 184 307 216 mur
342 170 514 231 facere,
557 175 596 218 si
631 172 874 218 Pacuvium
902 177 1148 224 comoedias
1176 168 1413 242 scripsisse
1441 193 1676 240 negamus:

212 244 328 303 quod
353 245 465 292 idem
499 246 553 294 de
579 238 811 304 tragoedia
839 245 1091 306 Thyeste
1119 254 1280 299 valeat.

324 316 438 366 Sunt
476 321 611 377 igitur
650 329 761 377 quas
799 320 897 362 sine
935 321 1024 367 ulla
1065 323 1332 373 dubitatione
1359 328 1560 374 Pacuvio
1592 330 1678 372 tri-

212 391 409 439 buendas
436 405 536 438 esse
563 403 721 437 censeo
750 390 1006 448 tragoediae
1035 394 1143 441 hae:

479 470 525 517 1.
573 468 859 531 Antiopa,

571 553 884 601 Armorum
930 555 1232 619 iudicium,

512 652 539 685 .’
570 636 868 698 Atalanta,

578 718 856 784 Chryse&

571 805 943 868 DuloresteS,

571 889 896 951 Hermiona,

568 972 779 1032 Iliona,

566 1044 786 1116 Medus,

571 1140 795 1204 Niptra,

445 1224 523 1273 10.
571 1224 887 1286 Periboea,

444 1305 522 1356 11.
570 1308 813 1370 Teucer,

444 1389 521 1439 12.
564 1393 779 1441 Paulus
827 1388 1147 1456 (praetexta).

409 1471 555 1539 (13.)
594 1475 630 1525 Ρ
643 1491 669 1524 e
681 1482 739 1524 nt
751 1475 780 1523 h
792 1491 819 1523 e
832 1491 861 1523 u
875 1490 896 1523 s
931 1490 1038 1523 num
1061 1476 1120 1525 sit
1137 1476 1325 1524 Pacuvii
1347 1474 1499 1523 fabula
1523 1481 1671 1524 necne

641 1560 812 1619 dubito,

408 1639 556 1707 (14.)
596 1643 887 1708 Thyestes
934 1645 1100 1691 idoneo
1135 1649 1254 1692 teste
1285 1650 1427 1691 caret.

307 1722 445 1766 Recte
460 1725 601 1767 autem
612 1723 834 1768 Pacuvius
848 1725 958 1766 inter
971 1725 1200 1767 satirarum
1217 1724 1455 1781 scriptores
1466 1732 1672 1765 numera-

207 1798 289 1839 tur.
344 1794 514 1849 Quibus
550 1795 605 1839 de
632 1799 783 1841 satiris
813 1795 871 1855 (v
862 1797 917 1840 el
946 1795 1139 1854 saturis]
1168 1797 1230 1840 ita
1260 1796 1412 1840 scribit
1439 1793 1670 1840 Diomedes

209 1867 280 1927 (p.
297 1865 412 1912 482.
428 1866 495 1911 ed.
514 1868 751 1927 Putsch,]:
781 1868 923 1926 „Olim
952 1881 1139 1928 carmen,
1165 1868 1279 1928 quod
1307 1881 1362 1912 ex
1391 1869 1531 1912 variis
1559 1879 1671 1926 poe-

207 1942 393 1985 matibus
431 1943 683 1999 constabat,
738 1945 890 1987 satura
927 1943 1195 2002 vocabatur,
1242 1943 1366 2001 quale
1403 1942 1672 1999 scripserunt

208 2012 430 2056 Pacuvius
469 2016 512 2056 et
550 2013 760 2059 Ennius.“
816 2015 867 2058 In
896 2029 981 2072 quo
1011 2017 1152 2058 tamen
1179 2026 1340 2072 genere
1370 2014 1511 2072 qualis
1541 2013 1673 2056 fuerit

207 2098 291 2128 non
327 2085 533 2142 traditur,
575 2088 658 2130 nisi
695 2087 810 2144 quod
848 2087 1094 2146 Porphyrio
1134 2087 1191 2131 ad
1218 2088 1370 2132 Horat.
1400 2089 1483 2131 sat.
1513 2086 1559 2144 1,
1590 2083 1670 2142 10,

207 2155 308 2202 56.:
345 2157 612 2215 „Pacuvium
641 2158 741 2205 huic
767 2163 918 2219 generi
946 2160 1277 2205 versificationis
1303 2173 1388 2204 non
1416 2157 1671 2204 suffecisse“

206 2231 326 2275 dicit.

317 2304 439 2360 Quae
475 2304 643 2350 Nonius
678 2320 723 2350 v.
753 2307 974 2352 hostire
1018 2306 1089 2366 (p.
1122 2306 1248 2364 121,
1293 2306 1367 2352 17.
1397 2306 1464 2351 ed.
1495 2303 1667 2364 Paris.)

206 2377 330 2421 affert
360 2379 701 2437 Erotopaegnia,
730 2393 817 2424 non
845 2384 944 2425 sunt
971 2381 1170 2438 Pacuvii,
1199 2381 1281 2425 sed
1309 2382 1479 2436 Laevii,
1508 2390 1669 2437 errore,

206 2452 254 2491 ut
282 2454 400 2495 recte
427 2455 511 2495 iam
540 2455 680 2497 monet
706 2452 949 2511 Mercerus,
977 2454 1130 2512 procul
1148 2453 1278 2499 dubio
1294 2453 1393 2497 inde
1415 2455 1523 2510 orto,
1552 2450 1669 2509 quod

204 2521 321 2578 apud
348 2523 532 2569 Nonium
561 2529 757 2585 proxime
784 2526 996 2571 antecedit
1024 2530 1182 2572 mentio
1217 2527 1420 2582 Pacuvii,
1449 2524 1506 2568 cf.
1535 2525 1669 2568 VVei-

205 2593 352 2651 cbert‚
382 2601 496 2656 poet.
525 2600 622 2644 Lat.
652 2601 728 2645 rel.
759 2617 800 2661 p.
829 2599 910 2647 43.

319 2664 561 2717 Recensisis
601 2673 784 2718 Pacuvii
815 2676 987 2733 scriptis
1016 2675 1157 2734 qualis
1185 2673 1313 2716 fuerit
1342 2672 1509 2718 indoles
1539 2675 1668 2730 inge-

205 2743 407 2799 niumque
449 2745 562 2801 quod
610 2746 767 2792 dicitur
810 2750 1048 2807 poeticum,
1097 2759 1208 2805 quae
1250 2747 1345 2791 eius
1375 2747 1417 2790 in
1452 2743 1668 2791 imitandis

474 554 527 1187 5051251929'tb0050
