1992 3184
1022 48 1055 92 2

302 181 423 236 poris
452 177 561 218 viris
590 173 858 217 familiariter
886 186 993 216 usus
1023 173 1103 215 est.
1155 169 1249 215 Caii
1280 172 1452 229 quidem
1480 176 1624 221 Laelii
1655 176 1770 235 apud

303 246 554 294 Ciceronem
584 246 639 290 de
666 246 790 290 amic.
818 244 865 289 7.
892 244 1056 302 hospes
1083 245 1326 288 nominatur
1354 249 1398 290 et
1422 251 1604 294 amicus:
1635 261 1771 307 neque

305 324 530 381 quominus
560 320 743 364 aliorum
771 320 900 362 etiam
930 319 1019 361 tum
1053 318 1244 361 virorum
1272 318 1477 364 nobilium
1507 324 1672 367 animos
1699 325 1772 366 in-

309 395 509 452 signibus
552 395 718 450 ingenii
761 391 1040 435 facultatibus
1079 390 1338 434 conciliasse
1377 392 1461 435 sibi
1489 406 1584 439 eum
1613 393 1773 439 creda-

307 480 420 522 mus,
450 464 679 523 quidquam
710 477 790 507 nos
819 462 1011 522 impedit.
1049 462 1125 506 Ad
1153 465 1413 507 senectutem
1442 479 1583 524 usque
1608 467 1773 512 Romae

307 538 481 583 videtur
510 538 701 596 degisse.
741 536 872 580 Anno
901 536 1012 579 enim
1040 537 1197 579 aetatis
1227 547 1334 580 suae
1359 539 1628 596 octogesimo
1647 539 1775 584 simul

308 626 403 656 cum
442 612 566 655 Attio
604 609 797 658 fabulam
826 608 971 652 docuit
999 610 1042 650 et
1070 610 1224 665 postea
1253 611 1404 667 etiam,
1446 611 1576 655 modo.
1605 610 1774 668 Cicero,

312 688 385 745 qui
426 686 521 729 loco
560 695 695 741 supra
736 682 869 726 allato
907 692 1064 725 novam
1107 680 1297 725 fabulam
1328 686 1457 727 vocat
1488 684 1775 740 Dulorestem‚

310 759 557 802 accuratam
588 757 825 810 temporum
854 756 1062 797 rationem
1092 753 1274 810 habeat,
1304 755 1415 799 hanc
1437 756 1627 800 fabulam
1645 755 1777 802 viab-

311 834 381 875 tur
417 829 621 874 docuisse
660 825 747 885 (cf.
776 826 1052 884 Stieglitzius
1090 825 1145 869 de
1173 826 1339 871 Pacuv.
1389 828 1536 881 Dulor.
1573 843 1616 887 p.
1650 826 1776 886 72.)

314 901 504 945 Tandem
543 899 703 957 grandi
736 901 821 943 iam
860 901 1005 942 aetate
1039 901 1082 941 et
1109 899 1259 942 morbo
1289 903 1488 957 corporis
1515 901 1677 946 diutino
1705 901 1779 945 af-

311 975 467 1019 fectum
496 972 729 1017 Tarentum
758 969 1033 1016 concessisse
1061 983 1154 1014 eum
1184 972 1245 1015 ait
1261 969 1431 1017 Gellius
1446 977 1557 1021 noct.
1587 974 1679 1018 Att.
1705 972 1779 1032 13,

313 1049 384 1104 2.,
420 1047 495 1091 ubi
533 1044 767 1090 secundum
803 1045 1110 1102 Hieronymum
1157 1045 1184 1087 l.
1214 1046 1241 1088 l.
1284 1058 1419 1103 prope
1457 1048 1780 1104 nonagenarius

315 1123 508 1165 mortuus
537 1120 618 1163 est.

426 1193 552 1237 Haec
579 1191 673 1234 fere
701 1192 819 1247 sunt,
848 1200 960 1246 quae
989 1188 1043 1231 de
1073 1191 1189 1232 vitae
1218 1192 1312 1233 eius
1340 1189 1657 1235 conditionibus
1685 1193 1780 1235 tra-

316 1266 517 1312 diderunt
535 1265 724 1308 veteres.
780 1260 857 1306 Ad
879 1262 1006 1319 animi
1029 1263 1121 1306 eius
1150 1261 1334 1307 indolem
1364 1262 1478 1321 quod
1506 1265 1657 1308 attinet
1684 1278 1782 1309 mo-

313 1350 496 1397 resque,
537 1335 593 1379 de
628 1335 783 1393 quibus
822 1335 906 1376 iam
935 1333 1161 1378 dicendum
1190 1338 1283 1392 est,
1328 1348 1494 1379 summa
1521 1349 1613 1380 eum
1644 1337 1782 1380 fuisse

317 1411 614 1470 simplicitate,
652 1407 921 1464 ingenuitate
950 1408 993 1449 et
1019 1406 1232 1451 modestia
1266 1409 1312 1451 ut
1339 1409 1422 1454 iam
1452 1420 1507 1451 ex
1535 1409 1633 1466 illa,
1672 1420 1782 1467 quae

318 1486 359 1529 ei
401 1496 495 1529 cum
535 1480 819 1526 nobilissimis
858 1478 975 1522 illius
1002 1481 1160 1523 aetatis
1189 1481 1300 1524 viris
1328 1481 1571 1525 intercessit
1599 1482 1784 1532 amicitia

317 1555 578 1602 concludere
616 1554 741 1611 licet,
778 1554 840 1596 ita
877 1564 1017 1609 neque
1044 1553 1172 1610 ipsae
1199 1554 1451 1611 scriptorum
1481 1556 1574 1598 eius
1602 1554 1784 1599 laciniae

322 1630 488 1687 negant
529 1630 572 1671 et
606 1624 870 1684 epitaphium
911 1625 1293 1670 luculentissimum
1323 1626 1503 1684 praebet
1531 1627 1783 1683 exemplum.

320 1703 421 1746 Hoc
450 1699 735 1760 epitaphium,
764 1696 879 1755 quod
906 1700 1063 1755 ipsum,
1089 1700 1135 1741 ut
1162 1698 1361 1755 Ennium,
1388 1697 1620 1757 Naevium,
1648 1699 1785 1744 Plau—

320 1778 432 1831 tum,
460 1772 546 1817 sibi
572 1772 732 1816 fecisse
760 1772 913 1815 narrat
943 1768 1138 1828 Gellius,
1175 1772 1216 1814 si
1244 1782 1336 1815 cum
1368 1770 1597 1818 eorundem
1627 1774 1785 1829 poeta-

320 1861 413 1890 rum
445 1845 674 1900 conferas,
706 1843 970 1887 verecundia
999 1843 1181 1899 quadam
1197 1846 1239 1886 et
1252 1843 1461 1886 modestia
1477 1846 1628 1887 mirum
1646 1857 1786 1901 quan-

323 1922 410 1964 tum
454 1916 639 1962 excellit.
696 1915 794 1975 „En
834 1916 988 1973 igitur,
1028 1916 1164 1973 inquit
1194 1912 1363 1958 Gellius
1401 1912 1470 1972 (n.
1503 1927 1543 1959 a,
1577 1915 1630 1972 1,
1657 1914 1786 1977 240,

325 1994 591 2051 epigramma
606 1989 795 2033 Pacuvii
810 1987 1226 2031 verecundissimum
1241 1989 1284 2031 et
1298 1988 1568 2046 purissimum
1584 1988 1787 2047 dignum-

326 2077 408 2124 que
437 2065 529 2108 eius
555 2062 885 2120 elegantissima
912 2061 1162 2118 gravitate:

494 2136 770 2180 Adolescens
807 2136 976 2177 tametsi
1013 2137 1249 2192 properas,
1285 2135 1328 2176 te
1355 2133 1437 2177 hoc
1464 2138 1617 2180 saxum
1645 2137 1788 2192 rogat,

495 2208 557 2253 Ut
585 2207 687 2252 sese
714 2206 963 2265 adspiciaS‚
992 2204 1147 2249 detnde
1174 2206 1291 2264 quod
1318 2208 1521 2265 scriptum
1545 2207 1614 2251 est
1639 2207 1788 2264 legas:
1822 2217 1832 2228 '

497 2282 583 2325 Hic
609 2282 710 2324 sunt
739 2281 894 2337 poetae
921 2278 1091 2323 Pacuvi
1117 2277 1264 2324 Marci
1292 2282 1380 2324 sita

501 2352 632 2397 Ossa.
688 2352 787 2396 Hoc
813 2351 1014 2396 volebam
1042 2350 1217 2395 nescius
1244 2364 1299 2395 ne
1325 2352 1464 2396 esses.
1521 2350 1673 2394 Vale.“

470 2492 722 2542 tragoediarum
745 2492 887 2537 scriptor
910 2491 1018 2526 clarus
1045 2490 1205 2532 hahetur,
1239 2490 1337 2525 Ennii
1362 2494 1483 2536 poetae
1515 2499 1558 2525 ex
1581 2489 1647 2525 filia
1670 2500 1789 2537 nepos,

471 2559 622 2604 vixitque
655 2555 783 2591 Romae
796 2580 805 2596 ‚
841 2555 951 2600 quoad
985 2555 1147 2601 picturam
1182 2555 1332 2590 exercuit
1365 2564 1406 2589 ae
1436 2552 1563 2589 rabulas
1594 2552 1788 2591 venditavit.

474 2620 603 2654 Deinde
616 2618 795 2653 Tarentum
807 2621 1031 2663 transgressus
1055 2628 1162 2662 prope
1184 2617 1431 2664 nonagenarius
1455 2616 1544 2651 diem
1562 2616 1675 2663 obiitne
1707 2615 1789 2650 Nam

473 2682 600 2717 Ennius
622 2687 719 2717 natus
742 2679 783 2722 Q.
808 2674 941 2716 Valerio
966 2679 1004 2716 C.
1029 2679 1175 2716 Mamilio
1199 2678 1294 2717 coss.
1320 2691 1354 2720 a.
1378 2678 1417 2716 U.
1443 2678 1524 2721 515.
1553 2678 1701 2718 Pacuvio
1722 2689 1789 2714 non

472 2744 614 2791 amplius
637 2744 870 2780 novemdecim
893 2745 986 2779 annis
1011 2747 1088 2778 natu
1112 2743 1175 2779 fuit
1195 2744 1312 2781 maior.
