1856 3107
917 74 985 120 47

217 203 316 248 cula
345 211 482 245 ecce
509 198 638 243 fiebat
667 210 858 257 eccoS,
887 210 1094 258 eccum,
1124 210 1302 243 eccam
1332 199 1485 242 etc.—
1510 198 1682 243 Addam

217 276 395 320 verbum
437 271 492 315 de
535 285 637 330 que
677 280 761 324 (ce)
801 274 1013 332 particula
1040 275 1143 316 voci
1181 272 1375 330 plerus
1408 269 1514 315 addi
1544 272 1685 315 solita.

217 346 439 391 Pacuvius
476 348 586 390 enim
625 359 710 391 non
752 345 925 390 adiecta
967 357 1068 404 que
1107 343 1217 389 dixit
1254 345 1439 403 pleros
1480 343 1582 395 Dul.
1626 342 1687 399 2.,

204 420 379 477 ¹plera
408 417 536 462 Teuc.
565 417 646 462 22.
692 418 826 478 Apud
857 420 1025 463 ceteros
1052 418 1168 462 illius
1198 418 1356 462 aetatis
1384 418 1582 475 tragicos
1602 416 1688 461 hoc

216 491 473 536 vocabulum
500 490 616 550 quod
645 492 779 536 sciam
808 505 892 537 non
919 493 1146 536 invenitur.

328 565 619 609 Adverbia
661 567 707 608 in
746 578 772 609 e
814 565 1055 610 desinentia
1096 577 1201 608 raro
1244 565 1345 608 sunt
1386 567 1432 607 in
1458 577 1541 607 usu
1569 561 1687 621 apud

217 639 409 681 nostrum
438 639 619 696 poetam.
653 637 830 696 >Longe
855 639 1041 697 plurima
1068 639 1113 680 in
1140 639 1221 679 ter
1249 638 1431 691 exeunt,
1459 636 1620 679 veluti:

219 711 412 755 amiciter
437 710 537 754 Dul.
565 706 646 753 36.
863 710 1129 754 Insolentius
1174 711 1304 752 etiam
1336 709 1506 752 Ennius
1552 707 1685 751 dixit:

218 784 411 841 aequiter
437 782 558 825 Atal.
586 779 667 825 20.
809 784 976 840 proteri
990 784 1094 837 iter,
1149 782 1391 836 ignaviter,
1446 781 1687 837 inimiciter,

179 884 181 895 .
218 855 509 899 minitabiliter
535 851 713 913 Ant-6.
810 854 1095 910 iracunditer,
1147 853 1401 911 superbiter,
1456 854 1687 910 temeriter,

219 927 418 987 debiliter
445 929 526 970 inc.
555 926 637 970 27.
810 928 1116 984 praeclariter,
1158 927 1364 982 torviter,
1393 928 1580 984 puriter,
1609 938 1688 970 re-

217 1002 461 1059 properiter
490 998 620 1043 Teuc.
649 998 732 1043 25.
811 998 1137 1055 verecunditer,
1164 1000 1388 1055 miscriter,
1422 1001 1689 1057 prosper-iter

221 1071 446 1132 (propere
486 1071 591 1117 Ant.
620 1071 698 1129 4.)
814 1070 888 1128 (v.
917 1071 1134 1114 Priscian.
1167 1071 1244 1114 15.
1274 1086 1314 1129 p.
1348 1070 1495 1114 1010.
1522 1071 1606 1129 P.)

329 1144 503 1188 Facul
531 1143 716 1187 habetur
744 1142 875 1186 Teuc.
905 1144 952 1199 7,
982 1144 1025 1185 et
1052 1144 1133 1186 inc.
1164 1140 1266 1200 29.;
1295 1143 1423 1186 facile
1439 1144 1574 1187 semel
1596 1143 1690 1187 Pe-

220 1218 299 1262 rib.
330 1216 408 1260 14.
453 1216 597 1259 Inibi
627 1218 695 1259 est
724 1215 805 1273 (ε
834 1217 876 1258 ἰη
906 1203 973 1258 eo¹
991 1214 1088 1273 est]
1118 1214 1226 1258 dixit
1255 1218 1385 1273 poeta
1412 1217 1457 1258 in
1482 1216 1627 1260 Iliona
1643 1212 1690 1260 9.

221 1313 277 1321 -
306 1288 504 1332 Tamen
534 1288 784 1349 particulam
814 1288 958 1331 Perib.
992 1285 1069 1330 13.
1099 1278 1348 1344 significare
1384 1287 1599 1331 tandem
1629 1291 1692 1332 ait

196 1361 390 1421 ‘Nonius
419 1359 446 1416 s
450 1374 489 1417 p.
518 1357 690 1416 406.),
732 1371 985 1417 quamquam
1028 1373 1112 1416 quo
1152 1358 1235 1402 hoc
1278 1359 1353 1402 fiat
1380 1358 1505 1403 modo
1535 1371 1692 1418 quam-

221 1444 304 1490 que
341 1443 447 1491 vere
484 1430 642 1474 dixerit
675 1433 753 1474 vix
780 1433 1052 1489 perspicitur.
1109 1431 1248 1473 Recte
1275 1433 1416 1474 autem
1444 1431 1690 1490 Philargy-

219 1505 311 1548 rius
339 1506 384 1548 in
412 1503 537 1561 Virg.
568 1500 733 1560 Georg.
761 1503 819 1560 4,
845 1501 927 1547 37.
955 1505 1205 1562 quoniam
1232 1504 1315 1547 inc.
1343 1502 1426 1547 31.
1454 1517 1534 1561 pro
1560 1506 1690 1564 post-

220 1589 347 1634 quam
375 1576 480 1620 dicit
507 1588 633 1634 csse,
661 1576 763 1633 quia
788 1576 990 1633 quoniam
1017 1578 1104 1620 est:
1134 1571 1264 1633 quum
1291 1577 1390 1620 iam.

331 1649 400 1693 De
429 1648 624 1693 verbis
652 1660 906 1706 quamquam
934 1649 1068 1692 multa
1095 1651 1195 1692 sunt
1213 1649 1523 1707 memorabilia,
1550 1651 1693 1694 tamen

221 1733 276 1764 ne
303 1724 461 1765 nimius
490 1723 569 1764 sim
598 1722 643 1763 in
671 1720 753 1764 hac
780 1732 829 1763 re
856 1732 997 1778 pauca
1025 1720 1178 1764 dicam.
1216 1720 1289 1764 Ac
1316 1724 1498 1779 primum
1523 1721 1693 1779 quidem

222 1804 279 1836 ex
308 1794 465 1852 ‚prisca
505 1793 581 1835 illa
609 1794 778 1849 aetate,
816 1794 857 1834 in
889 1804 973 1850 qua
998 1804 1152 1850 parum
1182 1794 1384 1837 excultus
1414 1796 1510 1837 erat
1536 1807 1693 1851 sermo,

221 1864 426 1909 videntur
451 1877 685 1925 superesse
715 1863 830 1922 apud
857 1867 1051 1909 nostram
1080 1865 1248 1909 formae
1275 1865 1545 1911 huiusmodi:

707 1993 862 2051 quibus
906 1992 1074 2051 quidem
1110 1994 1375 2053 respondent
1402 1998 1695 2055 posteriores:

168 2072 173 2074 ’
223 2083 346 2139 liquit
374 2084 522 2128 Herm.
554 2079 632 2126 16.
1135 2084 1292 2140 linquit

224 2159 340 2215 tagit
368 2155 502 2199 Teuc.
520 2144 614 2199 10.
773 2191 774 2195 ,
1042 2160 1054 2167 “
1139 2157 1282 2212 tangit

225 2231 373 2286 tagam
403 2220 551 2290 Herm.
581 2227 659 2270 14.
710 2255 713 2257 ,
1140 2229 1319 2285 tangam

227 2300 408 2359 adiugat
437 2298 595 2358 Chrys.
624 2299 669 2342 5.
698 2298 748 2340 ΙΙ.
779 2296 825 2341 3.
1101 2338 1103 2340 ,
1144 2299 1346 2358 adiungit

227 2374 408 2432 abiugat
435 2372 556 2417 Med.
589 2371 665 2416 14.
1141 2373 1341 2432 abiungit

135 2467 151 2473 —
227 2445 406 2502 deiugat
434 2444 592 2502 Chrys.
620 2442 701 2489 20.
1142 2444 1342 2504 deiungit

229 2517 383 2561 attolat
475 2516 596 2562 Med.
625 2515 695 2562 20
733 2514 820 2575 (cf.
852 2516 945 2561 Att.
1144 2519 1314 2563 attollat

229 2590 385 2647 attigat
425 2526 438 2632 ξ
559 2590 707 2638 Andr.
730 2589 839 2648 14.)
993 2599 995 2601 ’
1144 2593 1341 2649 attingat.

339 2662 686 2723 Amplificatione
724 2662 946 2708 eiusmodo
987 2664 1234 2723 primitivae
1272 2663 1497 2726 syllabae,
1535 2668 1697 2726 opinor,

194 2764 199 2768 -
226 2736 296 2780 usi
314 2738 430 2781 *sunt
457 2740 614 2796 partim
643 2735 700 2781 ad
730 2736 1001 2782 minuendam
1023 2748 1137 2794 quae
1153 2736 1545 2785 videbaturinesse
1561 2752 1698 2800 aspe-
