1824 3208
906 104 976 149 42

294 229 335 264 ln
360 233 393 267 2.
419 239 518 264 versu
544 227 668 273 requiri
693 228 834 264 Botbius
858 229 939 265 dicit
961 230 1054 273 rui,
1079 234 1114 264 et
1138 230 1172 264 in
1195 229 1212 264 f
1218 240 1298 265 ere
1320 237 1415 277 putat
1438 232 1552 269 latere.

295 292 400 326 Iliona
424 301 525 336 quum
549 301 616 325 non
642 291 685 326 ad
709 291 817 327 solum
840 292 978 329 fratrem
1001 293 1094 340 loqui
1117 292 1265 338 putanda
1289 293 1352 337 sit,
1375 294 1464 331 bene
1489 296 1597 343 potuit
1619 296 1676 331 di-

201 365 280 389 cere
304 353 473 388 Hecubam
496 355 673 400 peperisse
697 354 923 402 Polydorum,
947 357 1026 393 licet
1051 358 1125 403 ipse
1148 356 1283 394 adesset
1305 361 1341 392 et
1363 358 1406 393 ad
1431 358 1520 396 bunc
1538 360 1679 407 potissi-

201 428 289 451 mum
313 418 387 451 eius
412 423 527 451 essent
549 419 665 454 verba.

294 479 451 516 Ceterum
475 493 546 516 non
568 488 622 517 est
644 482 925 528 praetereundum
949 483 1016 519 hoe
1042 483 1118 519 loeo
1143 482 1315 523 Ciceronis
1335 484 1399 529 (de
1420 483 1511 519 Orat.
1529 487 1551 521 l.
1569 487 1610 531 l.)
1635 486 1679 521 de

200 546 251 578 his
275 545 430 578 versibus
454 545 623 581 iudicium.
672 545 724 579 De
746 546 929 591 generibus
953 548 1042 581 enim
1066 547 1204 582 dicens:
1242 547 1364 588 Aliud,
1401 539 1543 593 inquit,
1567 542 1678 593 (vocis

199 618 308 653 genus
332 608 397 642 sibi
421 609 538 652 sumit)
562 607 732 642 molestia:
765 610 839 643 sine
872 611 1163 645 commiseratione
1195 621 1301 656 grave
1335 610 1504 655 quoddam
1539 616 1575 645 et
1610 622 1678 646 uno

200 681 320 715 pressu
347 682 388 705 ac
412 682 496 706 sono
521 671 721 705 obductum:
760 672 850 717 (seq.
873 672 927 717 v.)
1425 713 1427 715 q

295 733 319 769 9
366 734 451 771 Non.
477 746 509 780 p.
536 734 602 771 75:
641 734 818 781 adiuga
833 746 879 770 re
914 735 1110 781 adiungere.
1169 735 1304 770 Plautus
1338 734 1488 781 Chryse.
1505 761 1535 772 ..
1552 764 1562 773 .
1588 736 1678 772 idem

201 798 330 833 Iliona:
357 798 516 832 Blandam
540 803 605 832 etc.
654 797 761 832 Plauti
788 805 929 833 nomen⁰
945 809 1007 844 per
1031 809 1179 832 errorem
1204 798 1269 833 hoc
1302 799 1378 834 loco
1405 800 1575 834 inductum
1600 810 1678 834 esse

202 863 258 896 vix
282 866 335 895 est
357 860 447 907 quod
472 871 637 895 moneam.

293 924 330 958 ln
355 924 449 958 libris
472 929 542 958 est:
567 924 794 966 voluntatem3
819 924 989 959 Mercerus
1016 924 1138 959 habet:
1171 925 1398 970 voluptatem,
1429 926 1471 958 cf.
1496 924 1630 958 Grotius
1655 926 1677 962 Ι.

202 988 339 1032 saepius
363 998 392 1020 c.

298 1050 351 1085 10.
390 1050 475 1084 Non.
503 1061 536 1095 p.
567 1050 649 1085 104:
674 1054 935 1095 expetunt,
960 1061 1022 1095 pro
1046 1051 1184 1092 volunt,
1207 1055 1242 1084 et
1266 1061 1297 1094 p.
1324 1051 1391 1086 97:
1417 1051 1593 1085 danunt
1613 1062 1677 1097 pro

202 1114 294 1147 dant.
342 1113 537 1148 Posteriore
560 1113 637 1147 loco
660 1112 804 1159 legitur:
830 1122 853 1157 p
869 1117 947 1146 etu
962 1118 1032 1154 nt,
1059 1118 1112 1148 et:
1137 1112 1250 1157 qnod
1274 1114 1419 1158 prius.

298 1176 353 1211 11.
397 1177 520 1212 Festus
543 1188 576 1222 p.
602 1176 673 1215 217
700 1176 779 1221 (M.)
807 1182 1048 1221 perpetem
1084 1188 1147 1222 pro
1171 1182 1335 1222 perpetuo
1364 1177 1519 1213 dixerunt
1541 1182 1675 1223 poetae.

201 1239 368 1275 Pacuvius
394 1240 519 1275 inliona
545 1239 586 1284 (Ι.
612 1241 646 1273 in
674 1239 818 1281 iliona):
846 1239 913 1273 Fac
938 1244 1002 1274 etc.

297 1303 436 1338 Bothius
460 1308 565 1337 trax
578 1304 688 1336 erim
712 1301 858 1346 explicat
877 1318 919 1332 =
936 1302 1081 1343 tulerim,
1105 1304 1277 1348 gestarim.
1314 1303 1501 1338 Duntzerus
1521 1305 1568 1346 (v.
1581 1303 1678 1338 Zeit-

202 1366 319 1401 schrift
341 1366 365 1401 f.
392 1364 695 1400 Altertbumswiss.
724 1362 816 1398 1838
839 1375 876 1409 p.
901 1364 962 1409 59)
987 1364 1057 1410 legi
1082 1365 1174 1401 vult:
1201 1370 1235 1399 te
1261 1366 1348 1400 axim
1368 1383 1409 1399 —..=
1434 1368 1462 1400 si
1487 1366 1552 1401 hoe
1575 1367 1678 1401 modo

199 1439 335 1474 semper
360 1432 394 1462 te
416 1428 566 1468 invenio,
590 1425 697 1461 oculis
722 1426 801 1460 mibi
825 1427 936 1461 carior
963 1428 1043 1464 eris.
1092 1426 1131 1462 C.
1155 1426 1196 1462 Ο.
1221 1428 1379 1464 Mullerus
1411 1428 1452 1463 ad
1478 1429 1510 1463 h.
1535 1429 1557 1465 l.
1585 1429 1679 1464 dedit

200 1492 490 1533 transaxim,
532 1501 596 1525 neo
621 1501 746 1533 sensu,
779 1495 817 1524 ut
839 1491 883 1524 sit
906 1501 969 1536 pro
993 1490 1105 1525 futuro
1130 1497 1268 1526 exacto:
1309 1490 1443 1535 Oculis,
1476 1493 1498 1526 i.
1525 1503 1555 1526 e.
1582 1497 1675 1535 nutu,

199 1565 275 1590 eam
298 1558 531 1601 transegero.“

293 1617 462 1664 Bergkius
485 1612 628 1662 prem.
653 1615 726 1652 Hal.
753 1614 843 1652 1842
868 1627 901 1661 p.
925 1615 996 1650 234
1019 1622 1089 1651 tra
1103 1618 1247 1652 xerim
1270 1623 1393 1662 tuetur,
1417 1622 1454 1652 ut
1472 1623 1550 1663 post
1573 1629 1676 1663 per-

201 1686 358 1726 petem
393 1680 517 1726 aliquid
559 1679 727 1714 excidisse
760 1683 971 1724 suspicetur:
1006 1684 1072 1715 et.
1098 1705 1109 1716 .
1141 1680 1175 1713 in
1202 1706 1210 1713 .
1235 1705 1247 1718 .
1270 1706 1279 1715 .
1340 1679 1382 1715 Ut
1414 1680 1547 1715 luminis
1579 1691 1677 1715 auras

199 1748 375 1790 perpetem
400 1743 527 1788 (oculis
550 1743 736 1786 traxerim).
971 1728 976 1733 ¹

293 1806 368 1841 Uno
395 1817 495 1840 versu
521 1808 631 1839 omnia
655 1804 843 1839 coercenda
868 1804 956 1838 duxi.
1006 1805 1092 1839 Nam
1117 1806 1209 1840 Festi
1232 1808 1267 1840 in
1292 1805 1470 1840 afferendis
1502 1811 1677 1850 poetarum

200 1869 356 1905 versibus
387 1880 462 1904 mos
494 1868 629 1903 videtur
657 1879 735 1902 esse
759 1869 811 1909 is,
847 1873 884 1901 ut
910 1867 1125 1914 plerumque,
1159 1868 1282 1904 nedum
1318 1880 1469 1914 semper,
1507 1868 1535 1902 si
1565 1868 1677 1915 aliquo

201 1934 303 1969 modo
329 1933 496 1968 sententia
519 1931 718 1972 includatur,
742 1932 808 1964 nisi
831 1941 899 1965 uno
923 1942 1024 1965 versu
1049 1942 1117 1965 non
1140 1936 1253 1965 utatur
1275 1943 1338 1977 pro
1363 1931 1529 1976 exemplo.
1579 1931 1677 1972 Quod

201 1997 231 2031 si
254 2001 347 2030 recte
371 1995 647 2037 observavimus,
673 1993 763 2027 haud
789 1994 914 2039 exiguo
939 1993 1003 2028 boe
1026 1994 1102 2039 ipso
1118 1999 1315 2040 argumento
1332 1994 1545 2029 confirmatur
1564 2000 1677 2029 nostra

203 2059 391 2106 explicandi
417 2060 514 2092 ratio.

297 2121 352 2155 12.
384 2121 473 2156 Νοη.
500 2132 533 2167 p.
558 2120 644 2154 470:
687 2118 926 2153 altereata
961 2123 1059 2162 est,
1094 2120 1277 2165 passivum.

294 2184 385 2219 Libri
408 2184 532 2220 habent
554 2195 715 2223 meum,
741 2182 797 2217 ed.
827 2182 940 2217 1480:
964 2193 1149 2217 meeum.

297 2247 354 2283 13.
388 2248 475 2283 Non.
500 2259 535 2293 p.
561 2247 651 2282 505:
684 2252 887 2285 „sonunt
922 2248 1022 2281 etiam
1054 2247 1134 2298 inde
1169 2247 1326 2282 manavit.
1375 2247 1502 2282 Ennius
1536 2247 1674 2281 Andro-

202 2309 322 2346 mache
348 2310 593 2345 aechmalotide
616 2330 661 2335 —
685 2328 731 2336 —-
757 2329 800 2334 -—-
837 2308 966 2344 lliona:
1003 2310 1064 2344 lbo
1088 2310 1131 2344 ad
1165 2321 1239 2345 eam
1273 2315 1361 2345 ete.“
1407 2310 1530 2345 Aldina
1554 2310 1675 2347 habet:

202 2376 377 2411 Accius
411 2374 582 2417 Iliona,
620 2374 735 2408 Iunius
769 2374 805 2407 in
840 2382 968 2419 ποθι-ΒΑ
1004 2373 1245 2408 Pacuvius
1284 2373 1448 2408 lliona.
1511 2372 1562 2407 De
1594 2373 1675 2407 Attii

202 2438 306 2473 lliona
330 2448 433 2484 quum
456 2441 592 2483 praeter
616 2436 742 2482 aliquot
763 2436 865 2471 Nonii
888 2435 991 2470 libros
1011 2435 1135 2470 nullum
1160 2436 1250 2482 apud
1270 2442 1405 2473 veteres
1423 2439 1534 2470 exstet
1549 2441 1675 2471 certum

204 2500 360 2535 indicium
374 2527 384 2545 ,
409 2502 466 2535 vix
490 2504 604 2546 potest
627 2510 704 2534 esse
727 2499 883 2542 dubium,
907 2500 986 2545 quin
1010 2510 1053 2533 ex
1077 2499 1214 2535 Pacuvii
1241 2500 1347 2535 Iliona
1371 2501 1415 2535 sit
1436 2499 1491 2533 hic
1511 2509 1639 2534 versus.

298 2564 352 2602 14.
386 2564 509 2599 Paulus
533 2563 614 2598 Fest
648 2574 684 2608 p.
710 2562 778 2597 144
801 2563 902 2608 (M.):
938 2561 1150 2598 mulcere
1183 2564 1272 2598 enim
1305 2563 1436 2599 mollire
1473 2559 1546 2597 sive
1568 2562 1674 2598 lenire

206 2632 270 2661 est.
300 2626 361 2663 ,Cf
390 2628 508 2675 fragm.
538 2627 575 2661 11
594 2653 605 2673 ,
629 2628 684 2663 cui
708 2627 880 2672 aptissime
905 2626 1108 2672 respondet,
1133 2627 1211 2663 licet
1234 2627 1357 2666 Paulus
1381 2635 1449 2661 non
1472 2627 1597 2663 indicet
1620 2627 1673 2662 fa-

205 2689 304 2724 bulae
328 2700 448 2724 nomen

302 2754 358 2791 15.
395 2752 481 2790 Non.
505 2765 539 2799 p,
567 2753 656 2790 183:
689 2765 877 2797 „unose,
911 2755 1043 2789 simula

300 2817 354 2852 16.
394 2813 514 2851 Festus
540 2826 574 2860 p.
599 2815 668 2850 3⁷5
693 2817 791 2861 (M.):
828 2815 1046 2863 Ungulus
1071 2816 1234 2853 Oscorum
1259 2816 1371 2865 lingua
1396 2817 1525 2854 anulus.
