1824 3208
907 80 978 127 32

206 207 348 242 Botbins
382 207 466 241 Mus.
492 205 555 239 Rb.
580 205 619 238 V.
654 217 687 251 p.
714 207 805 242 275:
840 209 927 243 l'ama
952 208 1099 243 Graium,
1154 210 1325 257 Scaliger,
1359 218 1396 248 ut
1428 212 1516 247 hunc
1547 221 1681 248 versum

206 282 284 306 cum
312 270 389 313 illo,
415 278 514 316 quem
538 267 614 304 loco
640 267 695 303 17.
722 271 895 319 posuimus
920 272 1162 321 coniufflret,
1185 275 1332 310 coniecit
1344 275 1606 324 formae‚*quam
1619 287 1679 312 se—

205 341 301 371 cutus
332 334 558 368 coniecturam
588 333 795 368 Hermannus
827 335 871 370 de
902 336 1033 381 Achille
1057 336 1163 371 voluit
1186 337 1327 384 intelligi
1358 338 1423 375 boc
1444 324 1676 387 fragmentum.

296 396 504 430 Simillimum
538 401 655 431 nostro
690 402 743 431 est
777 397 858 431 illud
892 398 1080 434 Ennianum
1114 399 1203 445 apud
1239 398 1308 434 Cic.
1323 404 1328 407 '
1345 399 1444 439 Tusc.
1467 414 1501 449 q.
1524 403 1593 447 ιΙΙΙ.
1620 403 1673 439 18.

204 459 318 504 (Botb.
341 460 382 494 fr.
410 458 454 504 9)
821 495 823 497 .

389 522 528 558 Riccine
550 522 708 557 Telamon
732 522 787 557 ille
810 529 884 566 est,
910 525 1011 559 modo
1040 535 1139 571 quem
1162 524 1270 571 gloria
1295 525 1338 560 ad
1362 524 1493 563 coelum
1516 530 1645 574 extulit,

388 585 497 628 Quem
521 585 783 632 adspectabant,
806 588 903 623 cuius
926 588 971 624 ob
994 599 1034 624 os
1058 587 1150 624 Graii
1174 599 1234 624 ora
1257 575 1480 633 obvertebant
1502 593 1590 629 sua?

199 647 358 685 Ceterum
381 651 425 686 cf.
449 649 543 685 Hom.
564 648 627 684 Od.
654 651 693 694 1,
717 649 798 685 298.

294 713 349 752 19.
385 713 471 750 Non.
507 724 540 759 p.
568 712 656 749 184:
693 714 933 750 Vanitudo
969 725 1032 761 pro
1064 716 1224 752 vanitate.
1258 738 1302 746 —
1330 738 1376 744 —
1395 712 1567 755 'Pacuvius
1599 720 1671 756 Du-

198 777 347 813 loreste:
372 797 415 802 —
452 777 597 812 Primum
622 777 687 813 boc
710 778 771 813 abs
804 783 838 812 te
861 789 946 822 oro,
981 779 1079 813 nimis
1103 780 1350 816 >inexorabilem
1385 781 1412 816 F
1414 782 1504 824 axis,
1539 784 1575 817 ni
1598 789 1671 819 tur-

197 842 310 887 pascis
343 840 538 876 vanitudine
569 845 713 876 aetatem
743 846 869 876 tuam.“
916 843 982 877 Pro
1016 843 1062 877 ni
1096 845 1344 888 turpascis
1377 847 1447 879 lun-
1482 837 1595 891 Stepb.
1629 849 1671 881 ni

198 904 460 949 turpassis,
495 902 584 937 Delr*
622 908 657 938 et
690 903 768 938 Ald.
803 914 855 949 ap.
894 904 992 939 Voss.
1020 909 1120 940 net.
1183 906 1323 941 Vossius
1355 909 1519 955 castigatt.
1545 919 1577 954 p.
1603 908 1669 944 90:

196 968 306 1007 „Puto
330 967 512 1013 scripserat
535 968 722 1002 Pacuvius:

383 1031 530 1065 Primum
553 1031 618 1065 hoc
642 1031 702 1065 abs
725 1031 781 1066 ted
808 1042 890 1074 oro,
915 1042 958 1066 ne
981 1036 1016 1067 te
1038 1033 1135 1067 nimis
1159 1033 1397 1068 inexorabilem

381 1094 507 1138 Faxis‚
530 1105 597 1129 neu
621 1095 784 1141 turpassis
807 1100 886 1136 cet.‚
1135 1141 1140 1143 s

195 1169 295 1205 quam
318 1158 587 1194 emendationem
610 1158 772 1193 debemus
796 1158 836 1192 H.
862 1158 978 1193 Grotio
995 1165 1014 1180 “
1061 1159 1266 1205 Stieglitzius
1297 1171 1360 1205 pro
1395 1161 1538 1196 nimis
1573 1163 1667 1197 dedit

195 1223 315 1257 minus.
363 1222 416 1256 Ni
439 1223 616 1268 scripsisse
638 1227 773 1257 veteres
796 1232 865 1256 non
887 1233 965 1256 raro
987 1232 1051 1269 pro
1074 1233 1128 1257 ne
1151 1228 1265 1258 monet
1286 1224 1424 1258 Servius
1437 1224 1522 1259 Aen.
1534 1223 1569 1266 3,
1582 1224 1664 1263 686.

290 1283 447 1320 Ceterum
472 1285 634 1320 vanitudo
662 1284 830 1331 significat
864 1286 982 1320 inanes
1016 1286 1117 1321 animi
1147 1285 1437 1332 perturbationes,
1473 1288 1665 1324 dominandi

193 1348 408 1394 cupiditatem
422 1373 431 1388 ‚
455 1347 685 1390 iracundiam,
709 1358 798 1393 quae
820 1353 1027 1383 senectutem
1051 1348 1226 1384 dedecent.
1402 1398 1404 1400 q

282 1410 375 1458 Apte
397 1421 473 1446 cum
496 1409 562 1445 hoc
584 1409 661 1446 loco
685 1411 856 1447 coniunxit
887 1410 1117 1457 Lachmannus
1152 1413 1202 1455 (in
1225 1411 1356 1448 Lucret.
1380 1411 1438 1456 11.‚
1466 1411 1549 1459 734)
1574 1412 1663 1449 alte-

188 1485 263 1510 rum
297 1474 397 1509 Nonii
432 1474 542 1508 locum
575 1485 611 1520 p.
649 1473 737 1511 160:
772 1474 1200 1524 Prolixitudinem.
1259 1477 1425 1511 Pacuvius
1461 1474 1661 1511 Duloreste:

190 1536 260 1573 Oro
285 1539 351 1581 mi,
377 1548 421 1572 ne
445 1536 561 1571 flectas
587 1536 680 1572 fandi
703 1537 750 1572 mi
773 1537 1088 1584 prolixitudincm:“
1114 1539 1226 1573 nive
1248 1538 1411 1574 exhibens
1434 1548 1498 1585 pro
1519 1540 1575 1575 mi
1599 1551 1660 1576 ne.

183 1601 259 1636 Hoc
283 1602 364 1636 dicit
385 1605 508 1647 poeta:
545 1599 637 1645 Oro,
660 1612 704 1636 ne
726 1601 904 1648 protrahas
938 1601 1019 1636 mibi
1049 1600 1142 1636 fandi
1166 1602 1437 1648 prolixitudinem
1470 1602 1494 1639 i.
1517 1613 1547 1637 e.
1572 1613 1657 1649 pro-

184 1665 289 1699 lixum
322 1665 364 1699 ad
398 1664 560 1699 orandum
593 1666 750 1702 animum.
812 1664 924 1700 Verba
947 1669 1024 1699 sunt
1056 1665 1216 1701 instanter
1252 1668 1439 1710 precantis3
1475 1667 1656 1703 Welckero

183 1730 378 1774 interprete.

274 1791 331 1826 20.
365 1790 486 1826 Cicero
516 1790 608 1828 Lael.
631 1792 671 1826 7:
710 1791 775 1832 Qui
807 1792 970 1827 clamores
1001 1796 1070 1826 tota
1099 1802 1204 1825 cavea
1239 1803 1346 1836 nuper
1379 1795 1414 1827 in
1445 1793 1587 1839 hospitis
1620 1800 1655 1828 et

181 1855 281 1889 amici
306 1855 375 1888 mei
401 1854 444 1890 Μ.
471 1855 608 1888 Pacuvii
630 1865 720 1889 nova
743 1855 875 1896 sabula,
900 1866 975 1889 cum
999 1857 1175 1901 ignorante
1199 1865 1283 1900 rege
1297 1880 1307 1896 ‚
1342 1859 1417 1889 nter
1451 1862 1542 1890 esset
1565 1856 1652 1890 Ore-

180 1921 273 1961 stes,
309 1917 455 1962 Pylades
493 1915 647 1951 Orestem
682 1928 720 1951 se
753 1928 829 1951 esse
864 1917 1012 1956 diceret,
1048 1922 1087 1963 ut
1118 1926 1181 1961 pro
1204 1916 1262 1950 illo
1285 1922 1482 1960 necaretur,
1517 1916 1652 1953 Orestes

179 1985 313 2022 autem,
348 1981 395 2015 ita
417 1985 454 2014 ut
477 1984 573 2022 erat,
608 1977 762 2014 Orestem
786 1990 824 2015 se
848 1990 925 2014 esse
950 1978 1206 2025 perseveraret!
1239 1979 1370 2014 Stantcs
1393 1980 1595 2026 plaudebant
1616 1984 1650 2016 in

179 2053 218 2078 re
239 2043 326 2077 ficta.
373 2042 468 2077 Idem
492 2042 537 2076 de
561 2042 620 2081 fin,
643 2045 682 2084 2,
706 2042 774 2078 24:
812 2043 940 2077 Vadem
963 2048 997 2077 te
1033 2043 1077 2077 ad
1113 2047 1254 2077 mortem
1290 2047 1432 2087 tyranno
1465 2043 1560 2078 dabis
1587 2055 1650 2090 pro

175 2106 287 2141 amico
301 2131 312 2150 ,
334 2111 392 2140 aut
415 2105 561 2151 Pylades
584 2116 660 2141 cum
683 2107 731 2141 sis
745 2132 756 2150 ,
781 2105 873 2141 dices
896 2110 930 2140 te
953 2116 1031 2141 esse
1045 2103 1210 2150 Orestem,
1234 2110 1271 2140 ut
1282 2106 1426 2141 moriare
1438 2118 1500 2153 pro
1514 2107 1649 2143 amico?

179 2174 238 2204 aut
260 2170 290 2204 si
311 2180 407 2205 esses
430 2167 568 2204 Orestes
582 2194 594 2213 ,
629 2169 790 2215 Pyladem
815 2169 988 2205 refelleres
1002 2195 1012 2210 ‚
1048 2174 1082 2204 te
1111 2169 1278 2205 indicares
1292 2196 1303 2210 ‚
1340 2175 1374 2205 et
1409 2171 1449 2205 si
1483 2171 1526 2205 id
1561 2181 1648 2205 non

177 2231 442 2278 probares,
477 2233 728 2279 quominus
761 2232 894 2268 ambo
929 2243 1020 2277 una·
1052 2234 1380 2275 necaremini,
1419 2243 1506 2268 non
1541 2243 1646 2279 pre-

176 2295 374 2332 carere?
407 2295 493 2331 lbid.
517 2296 552 2340 5,
575 2296 639 2334 22:
664 2296 753 2337 Quid
777 2296 895 2342 loquar
918 2297 963 2332 de
986 2296 1097 2338 nobis,
1120 2297 1179 2342 qui
1203 2296 1248 2331 ad
1273 2296 1405 2331 laudem
1428 2295 1525 2331 etad
1543 2296 1646 2331 decus

174 2360 265 2403 nati,
289 2359 451 2404 suscepti,
474 2360 612 2395 instituti
635 2359 781 2395 sumus?
813 2359 879 2400 Qui
902 2360 1068 2395 clamores
1093 2359 1188 2407 vulgi
1211 2364 1311 2406 atque
1334 2359 1564 2405 imperitorum
1581 2369 1643 2393 ex-

174 2425 318 2459 citantur
343 2424 378 2458 in
401 2422 539 2458 theatris
554 2449 563 2465 ‚
587 2434 661 2458 cnm
685 2423 741 2459 illa
765 2424 939 2460 dicuntur:

440 2486 518 2533 Ego
542 2496 616 2520 sum
638 2485 777 2522 Orestes

175 2555 357 2598 contraque
381 2550 425 2586 ab
450 2549 570 2594 altero,

439 2614 546 2649 Immo
569 2614 659 2648 enim
684 2623 766 2648 vcro
790 2623 857 2660 ego
880 2625 972 2656 sum,
998 2615 1151 2661 inquam,
1175 2612 1333 2649 Orestes!

170 2674 259 2712 Cnm
294 2681 403 2712 antem
437 2679 538 2715 etiam
572 2678 681 2713 exitus
717 2677 759 2712 ab
794 2682 938 2724 utroque
971 2677 1066 2712 datur
1095 2676 1300 2714 conturbato,
1324 2676 1514 2723 errantique
1543 2676 1639 2721 regi:

166 2740 272 2775 ambo
291 2750 381 2786 *ergo
404 2751 471 2776 una
492 2752 527 2780 e.
536 2753 568 2787 q.
581 2752 610 2781 s.
622 2742 778 2788 quotiens
801 2741 866 2777 hoc
888 2742 1012 2787 agitur,
1036 2740 1257 2788 ecquandone
1280 2739 1342 2775 nisi
1366 2739 1639 2776 admirationibus

165 2803 320 2840 maximis
332 2801 377 2839 2⁴·
