1856 3107
895 64 966 112 29

306 191 505 253 Pylades
523 194 674 237 contra
699 193 839 250 siquis
867 192 1007 237 solum
1035 194 1079 238 in
1095 191 1280 251 patriam
1298 198 1529 233 reversum
1553 190 1667 246 quod

163 277 174 289 “’
197 272 378 314 amicum
421 265 657 323 prodiderit
693 265 924 325 opprobrio
953 278 1004 310 se
1030 267 1220 325 peteret,
1268 262 1369 323 quid
1403 261 1669 321 respondere

196 340 338 400 possit
364 341 555 398 quaerit:

252 410 335 457 23.
403 410 456 459 Si
483 414 580 471 quis
608 412 693 457 hac
720 423 789 457 me
816 413 1010 456 oratione
1032 411 1193 469 incilet,
1221 410 1326 469 quid
1347 403 1672 469 respondeam?

308 484 379 530 De
419 483 541 544 regis
593 486 818 530 clementia
868 484 972 529 nihil
1009 496 1111 530 esse
1149 482 1487 542 exspectandum
1526 484 1672 527 monet

200 556 404 603 Orestes:
1547 549 1550 553 “

254 630 336 688 24.
401 630 530 676 Nunc
568 643 624 675 ne
659 630 777 675 illum
813 632 1067 690 exspectes,
1107 628 1277 689 quando
1307 631 1449 674 amico
1478 630 1672 673 amiciter

396 704 576 748 Fecisti.
805 736 811 738 .

313 778 405 823 Iam
449 777 494 820 in
522 790 684 821 summo
714 775 959 822 discrimine
985 775 1115 834 positi
1148 788 1274 833 quum
1305 772 1518 833 quomodo
1548 772 1673 817 aliter

202 864 252 897 se
279 852 447 910 possint
479 849 684 909 expedire
711 863 797 895 non
825 848 1016 905 videant,-
1034 859 1181 906 regem
1211 850 1405 892 statuunt
1418 846 1673 891 interficere.

202 925 349 983 Atque
378 927 530 983 opinor
560 922 779 982 equidem,
806 935 862 966 ne
890 935 946 965 ex
975 922 1210 978 improviso
1239 927 1424 979 prorsus
1452 921 1674 980 opprime-

202 1000 345 1054 retur,
390 999 578 1041 nuntium
620 997 775 1053 aliquis
816 995 871 1038 de
900 994 1085 1037 consilio
1113 995 1217 1036 inito
1246 993 1302 1036 ad
1330 1005 1480 1050 regem
1509 994 1674 1049 detulit,

204 1084 288 1129 quo
317 1070 599 1130 pertinuerint
626 1067 760 1111 haec:

259 1141 341 1186 25.
408 1142 501 1185 Aut
529 1141 599 1183 hic
628 1143 719 1194 est,
749 1142 823 1182 aut
851 1139 922 1182 hic
950 1138 1103 1182 adfore
1129 1140 1321 1181 actutum
1348 1141 1533 1182 autumo.

256 1247 262 1253 -
317 1213 459 1269 Quam
489 1211 714 1258 audaciam
744 1212 922 1255 miratus
952 1210 1124 1255 Thoas:

261 1283 343 1330 26.
414 1284 555 1329 'Unde
569 1287 777 1340 exoritur,
794 1288 879 1341 quo
892 1283 1114 1342 praesidio
1130 1284 1280 1339 fretus,
1298 1284 1473 1327 auxiliis
1485 1279 1676 1340 quibus?

416 1356 512 1412 Quo
542 1357 721 1402 consilio
739 1358 1075 1414 ¹consternatur,
1104 1357 1190 1414 qua
1219 1356 1291 1413 vi,
1319 1358 1444 1400 cuius
1473 1350 1649 1414 copiis?

207 1434 271 1475 et:

262 1502 345 1548 27.
415 1535 426 1546 .
438 1535 448 1546 .
460 1535 471 1546 .
487 1501 697 1557 Quidnam
709 1503 850 1546 autem
858 1500 944 1545 hoc
956 1500 1087 1545 soniti
1096 1502 1177 1558 est,
1192 1500 1307 1559 quod
1319 1499 1507 1545 stridunt
1516 1500 1637 1546 fores
1646 1495 1674 1544 *ἒ

264 1574 347 1622 28.
411 1573 549 1620 ‘Illum
577 1586 761 1635 quaero,
789 1574 865 1632 qui
891 1572 1120 1617 adiutatur.
1170 1633 1174 1636 μ

264 1645 346 1693 29.
401 1647 516 1692 Nam
543 1649 587 1691 te
613 1650 658 1691 in
685 1646 908 1691 tenebrica
938 1646 1074 1705 saepe
1099 1644 1304 1690 lacerabo
1331 1645 1448 1690 fame

406 1716 612 1765 Clausum
642 1719 686 1763 et
710 1718 905 1775 fatigans
932 1719 1054 1762 artus
1081 1720 1194 1762 torto
1223 1717 1486 1776 distraham3

210 1796 294 1840 nisi
322 1795 539 1852 postrema
567 1792 678 1837 haec
705 1793 791 1835 iam
818 1793 941 1850 prius
969 1792 1147 1834 mortem
1175 1791 1360 1834 minatus
1384 1790 1497 1835 dixit
1517 1789 1678 1835 Thoas.

322 1866 438 1911 Dum
466 1867 751 1910 conseruntur
766 1875 935 1921 manus,
961 1863 1193 1923 Iphigenia
1210 1862 1319 1906 dixit
1332 1863 1526 1908 fortasse
1538 1863 1680 1909 verba

211 1952 324 1999 quae
350 1940 478 1984 aliter
506 1939 562 1984 ab
591 1939 690 1984 aliis
716 1938 941 1996 leguntur,
971 1951 1053 1981 nos
1081 1939 1129 1982 ut
1155 1940 1201 1982 in
1227 1937 1350 1981 libris
1377 1939 1498 1982 sunt:

266 2010 350 2056 30.
416 2011 505 2056 Ubi
533 2011 607 2054 ille
635 2006 741 2055 est?
765 2022 832 2054 me
862 2011 1062 2054 miseram
1089 2011 1286 2067 quoniam
1299 2010 1463 2054 clamor
1475 2010 1678 2054 eliminat.

322 2085 479 2129 Restat
506 2083 736 2129 frustulum
756 2082 869 2128 hoc:

268 2156 350 2202 31.
416 2156 501 2200 Vel
529 2170 658 2214 quum
689 2156 807 2200 illum
835 2154 990 2198 videas
1018 2155 1250 2199 sollicitum
1278 2155 1540 2215 orbitudine‚

214 2230 333 2291 quod
368 2244 495 2290 quum
533 2230 591 2273 sit
619 2230 835 2273 sententia
861 2226 1090 2285 inchoata,
1133 2241 1217 2286 quo
1246 2229 1304 2272 sit
1330 2229 1427 2274 loco
1454 2229 1677 2274 collocan-

213 2304 313 2349 dum
340 2305 385 2348 in
409 2304 573 2348 incerto
600 2302 891 2361 relinquimus.

269 2377 480 2433 Alterum,
487 2374 684 2433 idemque
693 2386 899 2432 mancum,
907 2375 1052 2419 exstat
1060 2373 1176 2432 apud
1183 2373 1296 2419 Nou.
1307 2373 1389 2420 23.
1395 2390 1440 2420 v.
1450 2389 1490 2420 m
1499 2389 1525 2420 o
1533 2386 1623 2418 ene
1631 2388 1653 2419 s
1665 2387 1677 2418 ε

270 2446 354 2492 32.
408 2450 591 2493 antimum
620 2459 743 2506 quae.

326 2521 449 2567 Idem
474 2521 646 2566 Nonius
674 2536 717 2580 p.
745 2516 827 2565 90.
855 2533 901 2564 v.
928 2519 1201 2578 conciere,
1231 2532 1326 2565 cum
1352 2519 1681 2578 perturbatione

215 2605 512 2654 commovere,
542 2607 599 2639 ex
625 2593 795 2639 Ennii
822 2592 1055 2638 Duloreste
1082 2592 1208 2636 affert
1233 2591 1361 2637 haec:

855 2665 1081 2723 'Exemplo
1110 2664 1318 2723 Aegisthi
1344 2664 1473 2711 fidem

410 2738 723 2799 Nuncupantes
749 2739 1002 2788 coniciebant
1027 2738 1232 2798 populum
1260 2763 1317 2772 --
1345 2764 1399 2773 —
1429 2764 1483 2772 —
