1856 3107
904 70 976 121 '1¹³⁴

213 212 355 274 pidis‚
393 217 520 265 quam
549 203 702 248 scribit
728 200 940 261 Ennius“,
978 215 1103 261 quum
1132 199 1189 245 ad
1218 199 1401 246 verbum
1430 209 1457 241 a
1486 198 1686 242 Pacuvio

207 287 446 338 Antiopam
493 278 548 321 de
587 274 826 334 Euripidea
864 286 1119 333 expressam
1158 272 1276 316 dicat
1312 270 1469 316 Cicero
1499 268 1587 328 (de
1615 270 1684 312 fin.

213 357 260 413 1,
291 353 386 413 1.],
424 352 650 411 propterea
687 362 772 393 non
809 346 985 393 credam
1012 341 1193 392 eandem
1220 345 1361 390 fuisse
1386 344 1521 389 Ennii
1547 342 1684 388 fabu-

209 431 318 484 lam,
347 425 427 470 sed
455 424 571 483 apud
597 424 819 481 Hyginum
850 422 983 466 Ennii
1012 431 1166 465 nomen
1193 430 1291 463 cum
1319 419 1538 475 Pacuvio,
1577 420 1681 476 opi-

209 511 310 558 nor>⁷
338 504 407 544 est
434 497 747 543 commutatum.
796 494 949 553 Neque
976 493 1149 538 Livium
1177 490 1413 549 Antiopam
1441 493 1680 550 scripsisse

206 572 466 630 concedam,
510 584 638 629 quum
674 582 761 613 uno
804 581 888 625 quo
926 568 1082 611 Livius
1126 566 1371 609 nominatur
1413 564 1510 608 loco
1557 563 1677 623 apud

208 645 396 690 Nonium
433 659 479 689 v.
517 646 790 701 septuose
821 638 1075 686 Scriverius
1116 639 1161 681 in
1198 650 1302 682 mss.
1336 635 1576 681 Pacuvium
1604 638 1678 681 in-

207 720 386 762 venisse
414 730 464 761 se
491 715 633 771 dicat,
661 717 705 757 et
730 713 841 756 alter
863 713 991 755 locus
1018 710 1121 755 ibid.
1159 724 1203 753 v.
1241 711 1512 767 armenta,
1552 722 1674 766 quem

205 789 392 836 Bothius
428 789 562 833 Livio
603 786 701 843 dat,
739 786 813 830 ubi
853 787 897 828 in
925 798 1028 828 mss.
1057 786 1126 828 est
1152 782 1334 840 Vivius‚
1374 795 1401 827 a
1425 781 1588 828 Servio
1620 781 1680 827 ad

205 863 319 908 Aen.
344 861 401 918 3,
432 859 546 904 540.
574 860 771 903 Pacuvio
804 858 1028 901 tribuatur.
1091 857 1176 900 Est
1201 857 1339 912 igitur
1364 855 1515 899 fabula
1545 855 1679 900 haec:

206 935 392 994 „Nyctei
432 935 555 991 regis
588 933 633 976 in
671 933 856 977 Boeotia
889 930 971 975 fuit
997 929 1086 974 filia
1111 929 1316 987 Antiope.
1371 929 1483 974 Eius
1511 930 1679 974 formae

203 1009 395 1052 bonitate
421 1008 583 1064 Iupiter
608 1004 823 1048 adductus
851 1003 1082 1060 gravidam
1109 1002 1224 1045 fecit.
1274 1000 1412 1055 Quam
1441 1005 1567 1060 pater
1581 1015 1677 1047 cum

204 1082 356 1137 punire
393 1080 529 1123 vellet
555 1079 730 1136 propter
758 1078 956 1133 stuprum
983 1075 1185 1118 minitans
1214 1074 1450 1132 periculum
1479 1074 1676 1133 Antiopa

204 1152 366 1210 effugit.
425 1151 545 1195 Casu
583 1153 627 1193 in
666 1148 818 1192 eodem
846 1148 966 1203 loco,
1005 1159 1091 1203 quo
1122 1146 1197 1188 illa
1226 1149 1509 1203 pervenerat,
1547 1147 1677 1205 Epa-

204 1224 316 1283 phus
347 1222 584 1281 Sicyonius
612 1224 770 1267 stabat.
825 1222 873 1265 Is
902 1220 1119 1264 mulierem
1151 1217 1393 1266 advectans
1421 1219 1549 1264 domo
1577 1234 1678 1264 ma-

200 1294 395 1335 trimonio
413 1306 493 1335 suo
514 1293 662 1335 iunxit.
678 1293 728 1337 Id
747 1293 945 1350 Nycteus
965 1303 1101 1349 aegre
1116 1292 1262 1335 ferens
1280 1304 1405 1348 quum
1419 1296 1674 1350 moreretur,

201 1365 326 1422 Lyco
356 1365 479 1409 fratri
509 1379 590 1409 suo
617 1378 695 1422 per
723 1366 1053 1410 obtestationem
1081 1362 1272 1420 mandat,
1300 1367 1369 1408 cui
1389 1366 1475 1408 tum
1488 1377 1670 1422 regnum

191 1438 488 1495 relinquebat,
528 1451 582 1481 ne
619 1441 789 1496 impune
826 1438 1020 1496 Antiopa
1048 1437 1194 1481 ferret.
1249 1437 1394 1481 Huius
1423 1440 1524 1495 post
1552 1451 1672 1482 mor-

200 1512 285 1554 tem
313 1510 464 1567 Lycus
493 1508 732 1567 Sicyonem*
757 1512 890 1555 venit.
954 1510 1187 1554 Interfecto
1213 1508 1403 1568 Epapho
1433 1509 1670 1570 Antiopam

196 1583 383 1626 vinctam
414 1581 590 1626 abducit
605 1585 647 1626 in
663 1581 991 1639 Cithaeronem
1019 1584 1138 1641 parit
1165 1584 1366 1638 geminos
1396 1583 1439 1625 et
1453 1582 1668 1641 relinquit.

198 1653 322 1708 Quos
350 1657 504 1713 pastor
530 1654 761 1711 educavit,
811 1654 999 1699 Zethum
1027 1657 1071 1698 et
1097 1653 1388 1712 Amphionem
1414 1657 1670 1715 nominavit,

196 1727 392 1785 Antiopa
434 1727 597 1771 Dircae
633 1730 759 1772 uxori
795 1729 908 1786 Lyci
947 1727 1051 1771 data
1093 1729 1189 1770 erat
1215 1728 1264 1778 inl
1287 1728 1539 1773 cruciatum.
1597 1729 1669 1773 Ea

197 1801 468 1843 occasionem
505 1802 635 1843 nacta
672 1800 809 1858 fugae
847 1813 898 1844 se
939 1799 1180 1857 mandavit3
1237 1798 1414 1843 devenit
1455 1799 1513 1843 ad
1554 1800 1669 1845 filios

197 1885 317 1916 suos.
373 1872 447 1916 Ex
474 1872 630 1930 quibus
657 1872 832 1919 Zethus
861 1874 1114 1918 existimans
1138 1872 1368 1929 fugitivam
1388 1885 1475 1917 non
1494 1874 1669 1932 recepit.

190 1945 247 1988 In
282 1945 462 1989 eundem
499 1946 638 1989 locum
675 1947 809 1991 Dirce
845 1959 924 2005 per
964 1946 1286 1991 bacchationem
1324 1946 1474 1990 Liberi
1504 1945 1666 2007 [illuc]

194 2016 340 2060 delata
382 2019 461 2061 est.
536 2018 772 2077 Antiopam
817 2011 1035 2078 repertam
1077 2017 1135 2061 ad
1177 2019 1354 2063 mortem
1399 2018 1668 2064 extrahebat.

196 2087 290 2134 Sed
317 2089 373 2132 ab
406 2089 639 2133 educatore
664 2094 840 2149 pastore
870 2090 1170 2135 adolescentes
1197 2091 1406 2134 certiores
1435 2090 1541 2134 facti
1569 2103 1664 2136 eam

194 2173 295 2215 esse
329 2162 508 2205 matrem
536 2174 685 2218 suam,
729 2162 926 2206 celeriter
952 2163 1175 2205 consecuti
1202 2163 1376 2204 matrem
1405 2165 1667 2220 eripuerunt.

191 2235 353 2278 Dircen
391 2233 509 2293 [ad]
545 2237 713 2279 taurum
753 2235 945 2279 crinibus
982 2234 1212 2291 religatam
1249 2237 1417 2277 necant.
1493 2236 1663 2294 Lycum

193 2318 289 2351 cum
318 2306 517 2352 occidere
546 2308 711 2352 vellent
724 2338 749 2365 ‚·
764 2309 905 2352 vetuit
932 2319 1009 2351 eos
1035 2305 1284 2351 Mercurius
1315 2309 1359 2350 et
1386 2308 1514 2353 simul
1538 2311 1664 2354 iussit

190 2379 361 2437 Lycum
389 2379 628 2424 concedere
653 2392 838 2439 regnum,
867 2380 1140 2439 Amphioni.“

302 2452 489 2509 Horum,
545 2464 657 2511 quae
702 2454 888 2513 simplici
931 2455 1178 2498 narratione
1222 2454 1432 2511 Hyginus
1474 2453 1664 2512 exhibet,

191 2525 328 2567 maior
363 2526 460 2569 sine
505 2525 635 2570 dubio
679 2538 786 2585 pars
833 2525 891 2569 ad
935 2526 1166 2585 prologum
1211 2526 1475 2585 pertinebat,
1521 2538 1663 2586 neque

190 2596 440 2655 priusquam
480 2597 676 2657 Antiopa
712 2598 771 2642 ad
798 2598 910 2643 filios
939 2598 1186 2658 devenire-t,
1233 2602 1279 2643 in
1306 2610 1440 2642 scena
1466 2610 1558 2644 rem
1587 2603 1663 2659 agi

190 2669 389 2728 coeptam
425 2673 686 2728 putaverim.
741 2671 811 2717 De
848 2673 970 2716 cuius
1008 2670 1202 2717 adventu
1230 2670 1517 2729 pulcherrime
1546 2673 1665 2718 Pro-

191 2743 361 2799 pertius
389 2741 479 2799 (2,
512 2742 645 2801 153:
