1824 3208
878 80 943 123 14

152 201 269 248 ,daci
289 202 477 245 carmine
495 213 587 244 eum
612 212 714 243 esse
745 204 1018 257 perstrictum
1036 200 1169 245 tradit
1189 200 1359 247 Gellius
1384 205 1498 265 (17,
1516 205 1640 262 21.)
1711 260 1714 264 ἡ

168 276 212 318 et
243 275 286 318 in
315 275 425 332 ipsis
461 274 554 317 eius
582 273 813 317 sat-irarum
844 275 1038 333 reliquiis
1071 269 1157 330 19,
1186 270 1267 318 63.
1296 276 1363 320 ed.
1395 279 1571 323 Dousae
1600 294 1642 338 p.

170 347 253 391 81.
282 348 487 403 legimus:
1466 404 1468 406 r

337 416 521 474 „Utrum
551 420 746 463 contorto
776 418 922 476 aliquo
950 432 1005 463 ex
1033 420 1288 463 Pacuviano
1316 421 1509 466 exordio.

171 492 334 549 Magni
378 493 635 549 loquentiam
684 492 896 547 tragicam
937 493 1155 549 exagitat,
1204 496 1379 552 opinor,
1419 494 1529 539 idem
1571 497 1643 539 vel

172 566 493 610 obtrectaturus
523 565 597 608 vel
623 562 807 622 pal-odia
835 564 1018 622 ludens,
1047 568 1093 609 ut
1120 566 1283 611 faciunt
1310 569 1462 611 comici
1492 572 1645 626 poetae

174 636 336 683 Graeci
351 671 364 697 ,
394 639 466 682 lib.
494 638 539 680 5.
567 636 688 695 apud
717 636 902 680 Nonium
932 652 976 681 v.
1004 651 1196 696 pecus:

345 710 576 756 Lascivire
604 721 740 767 pecus
769 712 901 754 iussit
928 713 1148 769 rostrique
1175 706 1423 770 repandum.

174 784 361 829 Pacuvii
390 794 549 826 versus
579 784 669 826 est:
834 788 836 790 ’

340 854 475 898 Nerei
503 853 898 912 repandirostrum,
926 857 1316 901 incurvicervicum
1348 870 1506 915 pecus3

174 929 368 973 Lucilius
396 928 577 971 inversa
607 927 915 984 compositione
946 926 1071 971 fecit:
1112 929 1495 988 rostrirepandum.
1555 929 1645 976 Sed

175 1004 267 1046 tota
308 1000 418 1044 haec
457 1011 532 1043 res
570 1012 655 1042 non
683 1000 746 1042 ita
770 999 946 1042 multum
977 999 1119 1043 laudis
1148 1004 1188 1044 ei
1216 1000 1472 1059 detraxerit,
1513 1016 1647 1061 prae—

176 1075 322 1119 sertim
361 1086 488 1130 quum
526 1083 581 1115 ne
609 1072 732 1116 Attio
761 1071 931 1129 quidem
961 1075 1220 1130 parceretur.
1275 1073 1369 1117 Nec
1398 1076 1504 1118 mira
1532 1079 1648 1118 certe

176 1150 246 1191 est
273 1144 549 1205 pei-urbanae
578 1156 738 1188 aureae
768 1145 884 1187 illius
903 1157 1015 1202 quae
1035 1144 1191 1188 dicitur
1204 1147 1360 1189 aetatis
1378 1149 1647 1206 contemptio,

178 1224 224 1263 in
261 1214 390 1276 quam
429 1231 514 1261 non
549 1218 671 1261 solus
707 1217 956 1275 Pacuvius,
993 1216 1073 1260 sed
1102 1229 1250 1261 omnes
1278 1220 1452 1262 veteres
1479 1222 1649 1279 tragici,

178 1295 323 1349 magis
354 1292 485 1334 etiam
512 1290 665 1332 comici
692 1289 946 1333 inciderunt.
989 1289 1194 1333 Nervosa
1221 1291 1391 1333 scilicet
1417 1293 1461 1334 et
1489 1303 1648 1350 aspera

177 1364 445 1421 antiquitatis
485 1362 625 1405 verba
663 1362 937 1418 elegantibus
972 1365 1016 1405 et
1044 1361 1224 1406 eruditis
1250 1375 1362 1420 quae
1389 1362 1650 1407 videbantur

177 1448 280 1482 esse
306 1437 423 1481 illius
450 1435 657 1493 temporis
684 1434 864 1478 auribus
892 1435 1020 1492 quasi
1048 1434 1271 1478 horrorem
1293 1433 1504 1493 quendam
1522 1438 1649 1479 incu-

180 1511 357 1554 tiebant.
412 1509 566 1565 Itaque
607 1507 818 1551 Horatius
859 1507 1017 1551 multus
1060 1509 1128 1551 est
1171 1510 1216 1550 in
1261 1520 1353 1565 eo,
1384 1512 1431 1552 ut
1468 1510 1650 1555 Latinos

182 1586 339 1642 poetas
384 1583 558 1625 nimium
609 1580 740 1623 limae
779 1581 1033 1638 pepercisse
1074 1583 1360 1639 conqueratur
1398 1582 1653 1641 doleatque:

182 1655 353 1699 videsis
389 1666 457 1713 ep.
497 1652 555 1697 ad
584 1652 684 1697 Pis.
722 1650 847 1710 2893
896 1665 963 1711 ep.
1001 1653 1058 1696 ΙΙ.
1092 1652 1143 1710 1,
1185 1650 1298 1713 166.
1331 1653 1443 1698 170.
1498 1654 1653 1713 Magis

183 1730 312 1773 etiam
356 1727 611 1785 posterioris
647 1727 808 1769 aetatis
842 1728 1000 1785 poetae
1029 1728 1072 1769 et
1099 1727 1237 1770 critici
1263 1729 1454 1771 nostrum
1495 1740 1655 1785 carpe-

186 1802 303 1846 bant.
358 1801 474 1843 Hine
498 1798 606 1841 illud
633 1798 857 1841 Martialis
885 1801 1024 1856 epigr.
1058 1798 1145 1855 11,
1173 1796 1279 1842 91.:

357 1873 666 1928 Attonitusque
692 1871 807 1926 legis
834 1874 969 1914 terrai
996 1871 1225 1928 frugiferai

354 1943 526 1989 Accius
555 1945 599 1986 et
626 1940 833 2001 quidquid
860 1942 1168 2000 Pacuviusque
1195 1945 1396 2001 vomunt3

189 2021 232 2065 et
259 2019 405 2064 Persii
436 2015 463 2061 1
480 2050 493 2074 ‚
522 2014 625 2060 77.:

357 2089 472 2137 Sunt
498 2101 610 2147 quos
636 2088 951 2146 Pacuviusque
978 2090 1021 2131 et
1048 2100 1288 2133 verrucosa
1315 2090 1504 2135 moratur

357 2163 574 2221 Antiopa,
604 2163 820 2205 aerumnis
852 2172 928 2204 cor
955 2160 1229 2206 luctificabile
1257 2162 1390 2219 fulta3

190 2239 236 2282 et
273 2235 448 2292 Dialog.
488 2233 544 2277 de
585 2235 694 2277 orat.
733 2231 851 2276 20³.
874 2232 1109 2289 „Exigitur
1145 2234 1255 2277 enim
1291 2236 1378 2278 iam
1404 2234 1459 2278 ab
1488 2235 1660 2277 oratore

191 2310 320 2354 etiam
349 2309 543 2366 poeticus
571 2304 726 2362 decor,
754 2319 839 2350 non
865 2304 978 2350 Attii
1005 2308 1079 2349 aut
1100 2306 1286 2350 Pacuvii
1312 2309 1492 2351 veterno
1512 2309 1659 2364 inqui—

191 2384 343 2438 natus,
383 2377 465 2424 sed
508 2390 564 2422 ex
590 2379 764 2423 Horatii
793 2380 846 2422 et
864 2378 1038 2436 Virgilii
1065 2380 1110 2423 et
1135 2379 1301 2424 Lucani
1326 2378 1524 2424 sam-ario
1551 2391 1660 2437 pro-

192 2453 336 2501 latus“
365 2454 446 2499 etc.
501 2451 563 2497 Et
589 2452 705 2510 quod
734 2464 843 2497 sane
869 2452 1037 2496 mireris
1062 2453 1158 2510 ipse
1186 2450 1365 2510 Cicero,
1393 2465 1422 2496 a
1448 2465 1535 2511 quo
1564 2452 1661 2498 Pa-

193 2529 369 2572 cuvium
396 2526 566 2586 plurimi
595 2526 879 2570 existimatum
906 2536 1010 2569 esse
1036 2537 1172 2584 supra
1200 2524 1405 2582 vidimuS,
1432 2525 1545 2569 male
1563 2537 1658 2570 eum

196 2600 383 2644 locutum
407 2599 513 2643 dicit
539 2598 663 2644 Brut.
692 2596 772 2642 74.
828 2598 969 2654 Quem
997 2597 1136 2641 locum
1164 2599 1203 2641 si
1230 2610 1326 2642 cum
1351 2598 1438 2641 illis
1465 2611 1575 2656 quos
1603 2609 1660 2640 ex

198 2670 350 2717 eodem
394 2671 611 2717 attulimus
652 2671 999 2731 comparaveris,
1056 2667 1209 2716 Cicero
1248 2671 1350 2728 quin
1389 2670 1432 2714 in
1472 2669 1662 2730 singulis

198 2744 353 2791 verbis
380 2743 687 2802 negligentiam
713 2744 957 2803 respexerit
982 2743 1153 2790 minime
1183 2742 1411 2790 dubitabis.
1454 2744 1528 2791 Ac
1554 2753 1663 2788 sane
