1856 3107
904 85 972 133 25

203 221 299 275 tus,
335 208 781 276 Ἧρᾳκλειοξανθίας
823 209 1080 270 [Aristoph.
1120 223 1214 256 ran.
1258 204 1410 267 49³7.)
1449 208 1476 250 i.
1506 219 1543 249 e.
1571 219 1671 251 ser-

204 303 290 333 vus
308 285 519 342 silenus,
547 287 619 344 qui
646 284 878 329 Herculem
907 296 958 329 se
984 284 1128 343 fingit,
1158 281 1530 343 Oedipothyestes
1554 278 1673 321 Var-

203 361 323 404 ronis
353 361 381 402 i.
409 370 447 402 e.
475 358 713 418 Thyestes,
747 359 820 417 qui
846 360 1048 417 tanquam
1079 358 1190 401 alter
1219 354 1419 415 Oedipus
1448 351 1675 411 expositus

204 435 294 490 est,
323 434 372 476 ut
398 433 636 492 explicavit
667 430 926 476 Grauertius
952 434 998 475 -in
1034 429 1244 475 Niebuhr.
1267 428 1388 473 Mus.
1416 426 1501 472 Rh.
1532 425 1601 484 ΙΙ,
1629 439 1676 484 p.

203 502 285 549 61.
324 507 367 549 et
394 506 523 564 plane
549 506 762 563 geminum
790 504 965 549 videtur
991 516 1091 548 esse
1118 501 1519 559 Dulodidascalus,
1559 509 1674 558 quae

203 583 272 623 est
300 578 576 624 Pherecratis
604 576 839 621 comoedia.
879 575 973 623 Sed
999 577 1110 622 haec
1139 576 1194 620 de
1223 575 1395 620 nomine
1421 574 1539 618 dicta
1560 573 1673 629 sint,

203 653 327 710 plura
361 651 466 696 vide
502 649 618 709 apud
654 649 958 713 Welckerum,
990 650 1116 695 Mus.
1142 648 1229 693 Rh.
1257 646 1342 704 IV,
1371 660 1413 703 p.
1442 643 1547 690 608
1576 658 1672 703 sqq.

202 723 440 802 Videamus
468 734 581 766 nunc
607 725 916 779 argumentum.

313 796 428 840 Inde.
448 807 476 837 a
502 795 591 838 Ios.
622 793 839 851 Scaligeri
867 798 950 838 iam
965 795 1228 853 temporibus
1245 804 1384 851 usque
1403 790 1461 835 ad
1481 790 1672 834 nostram

203 870 295 913 fere
334 870 517 912 aetatem
554 866 739 911 Pacuvii
776 867 1031 912 Dulorestes
1060 867 1117 911 ad
1146 865 1372 925 Euripidis
1399 863 1674 922 Iphigeniam

204 941 436 984 Tauricam
472 940 704 997 putabatur
740 951 841 983 esse
882 951 1108 997 expressa.
1163 938 1312 982 Multa
1339 949 1447 981 sane
1475 938 1520 979 in
1546 937 1675 978 utra-

202 1024 285 1070 que
311 1011 458 1056 fabula
486 1023 728 1068 congruere
753 1024 839 1055 non
865 1012 1121 1068 negaverim
1149 1009 1370 1069 equidem,
1398 1008 1511 1053 idem
1531 1008 1675 1052 autem

202 1098 384 1142 prorsus
412 1087 592 1127 tractari
621 1085 916 1140 argumentum
947 1082 1181 1141 eademque
1207 1084 1375 1126 ratione
1403 1079 1675 1139 persuadere

203 1156 320 1200 mihi*
344 1170 431 1203 non
468 1168 660 1215 possum.
716 1153 827 1198 Nam
857 1157 904 1199 ut
931 1157 1096 1200 taceam
1125 1155 1332 1199 servilem
1363 1151 1536 1197 Orestis
1565 1163 1675 1196 con-

202 1229 426 1285 ditionem,
467 1231 515 1272 ut
542 1230 705 1271 mittam
737 1228 982 1284 fragmenta
997 1260 1010 1287 ,
1050 1240 1188 1285 quae,
1229 1239 1485 1284 quamquam
1515 1224 1675 1269 dubiae

203 1302 289 1347 sint
325 1300 446 1359 fidei,
485 1302 529 1345 in
554 1301 687 1358 longe
716 1301 842 1344 aliam
872 1304 1036 1359 partem
1066 1301 1167 1345 sunt
1194 1299 1413 1359 explieata
1443 1310 1471 1341 a
1500 1296 1674 1342 Naekio

202 1376 246 1416 et
281 1372 545 1429 VVelckero,
588 1379 670 1416 nae
708 1373 789 1417 hoc
824 1375 974 1416 mirum
1012 1372 1154 1416 videri
1194 1371 1345 1428 debet,
1388 1370 1506 1428 quod
1535 1372 1580 1412 in
1609 1372 1674 1413 tot

205 1446 478 1505 reliquiarum
515 1445 781 1490 multitudine
824 1445 968 1490 nullus
1004 1457 1145 1505 paene
1182 1456 1363 1501 versus,
1406 1446 1477 1502 qui
1520 1441 1576 1487 ad
1604 1444 1672 1486 rei

204 1532 410 1563 summam
449 1521 683 1577 pertineat,
727 1516 899 1562 Graeco
946 1518 1196 1576 respondet.
1252 1516 1420 1562 Deinde
1445 1518 1490 1559 in
1517 1520 1672 1561 nostra

200 1591 349 1636 fabula
369 1588 539 1636 Orestis
556 1603 709 1638 nomen
732 1593 951 1652 cognitum
971 1590 1102 1635 habet
1119 1590 1267 1635 Thoas
1286 1602 1365 1634 rex
1385 1588 1672 1648 (quamquam

200 1664 416 1721 quomodo
446 1664 528 1708 hoc
558 1664 719 1708 factum
747 1665 805 1708 sit
830 1677 917 1708 non
938 1654 1227 1722 perspicitur)
1243 1666 1287 1706 et
1307 1664 1490 1707 alterum
1510 1664 1672 1707 tantum

200 1739 524 1794 peregrinorum
543 1726 566 1796 ,'
584 1734 808 1793 Orestem,
836 1735 960 1780 Deae
988 1736 1079 1779 vult
1106 1736 1329 1781 immolari.
1372 1734 1472 1790 Qua
1500 1733 1672 1793 quidem

200 1822 249 1852 re
284 1811 419 1853 totam
455 1810 631 1853 fabulae
668 1809 1049 1853 conformationem
1088 1810 1213 1852 aliam
1255 1810 1424 1853 omnino
1452 1807 1545 1852 fieri
1573 1809 1672 1865 quis

199 1895 285 1926 non
322 1877 480 1926 videt?
521 1882 646 1926 Haec
682 1895 807 1939 quum
846 1880 1153 1941 perpenderem
1193 1882 1324 1941 plane
1361 1881 1583 1925 diversum
1612 1880 1671 1926 ab

200 1954 437 2013 Euripiden
463 1955 602 1999 fuisse
631 1956 758 1998 etiam
786 1956 944 1999 exit-um
971 1954 1073 2000 mihi
1102 1956 1324 2014 persuasi,
1359 1943 1550 1997 inmune
1578 1952 1672 1997 fere.

200 2025 385 2071 modum.
454 2027 623 2085 Agnita
667 2039 821 2071 sorore
860 2027 1090 2086 Iphigenia
1131 2028 1256 2073 simili
1302 2027 1492 2071 fortasse
1531 2025 1672 2083 modo,

200 2113 284 2157 quo
327 2098 464 2158 apud
484 2099 736 2159 Euripidem
751 2132 763 2156 ,
801 2099 949 2156 fugam
995 2103 1162 2158 parant.
1221 2100 1380 2145 Verum
1407 2102 1581 2145 nuntius
1613 2100 1672 2144 ad

199 2183 349 2229 regem
386 2171 581 2217 adfertur
621 2172 891 2231 Iphigeniam
922 2170 1094 2217 Orestis
1125 2186 1227 2218 esse
1255 2186 1446 2218 sororem
1479 2175 1671 2232 agnitam

200 2250 352 2303 seque*
387 2256 482 2289 cum
536 2244 704 2289 duobus
742 2246 988 2303 peregrinis
1029 2249 1230 2305 surrepto
1268 2247 1393 2290 Deae
1439 2247 1669 2294 simulacro

200 2317 435 2363 mandasse
460 2318 609 2375 fugae.
673 2318 818 2362 Iratus
845 2317 993 2362 Thoas
1021 2321 1296 2377 consequitur
1322 2326 1563 2378 nactusque
1590 2331 1669 2362 eos

201 2388 399 2435 Orestem
428 2390 579 2436 ducem
606 2391 812 2435 facinoris
840 2393 882 2434 et
910 2392 1126 2435 auctorem
1155 2394 1371 2453 supplicio
1400 2395 1551 2438 statuit
1574 2392 1669 2434 affi-

199 2475 310 2507 cere.
370 2464 612 2511 Precantur
638 2466 686 2508 ut
714 2467 867 2522 parcat
881 2498 894 2523 ,
937 2463 992 2508 de
1023 2462 1197 2511 Orestis
1226 2470 1394 2512 nomine
1421 2466 1671 2510 concertant

200 2538 346 2581 amici:
376 2537 558 2597 denique
587 2537 713 2582 ambo
742 2540 789 2582 ut
821 2541 1024 2582 necentur
1052 2543 1224 2598 rogant.
1277 2539 1370 2586 Sed
1399 2537 1514 2597 quod
1543 2540 1670 2584 enixe

199 2610 418 2666 precando
457 2625 542 2657 non
580 2612 884 2669 impetrarunt,
933 2614 1161 2671 postquam
1196 2612 1456 2658 moriendum
1498 2615 1669 2672 utrique

200 2682 417 2727 decretum
445 2687 528 2742 est,
556 2685 774 2742 praesenti
803 2686 942 2729 animo
972 2697 1182 2743 manuque
1210 2685 1312 2730 forti
1337 2698 1470 2743 posse
1491 2699 1542 2731 se
1559 2699 1669 2731 con-

198 2755 351 2800 fidunt:
379 2768 529 2814 regem
559 2756 758 2802 occidere
787 2760 952 2816 parant.
