1824 3208
884 109 955 156 24

181 228 265 278 sibi
295 237 481 295 sumpsit
494 232 806 291 'argumentum
832 233 1117 280 tractandum.
1167 233 1308 279 Cuius
1337 234 1474 289 libelli·
1498 243 1656 276 recen-

169 309 328 351 siones
370 319 399 350 a
426 306 692 351 doctissimis
727 305 940 365 huiusque
985 308 1050 350 rei
1085 308 1361 365 peritissimis
1398 307 1509 351 viris
1546 317 1657 349 con-

183 382 374 438 scriptae
410 380 458 423 ut
492 384 700 425 summam
743 380 787 423 in
814 382 1033 425 auctorem
1063 378 1237 424 laudem
1262 379 1559 436 contulerunt,
1596 379 1657 422 ita

180 452 285 495 data
324 450 383 497 ad
425 447 517 498 rem
562 452 816 511 diligentius
853 450 1203 514 perpendendam
1243 454 1478 497 occasione
1506 454 1656 498 mirum

179 526 381 581 quantum
409 527 494 583 ipsi
525 526 702 570 fabulae
728 528 889 570 rationi
918 524 1252 584 cognoscendae
1264 524 1531 583 profuerunt.
1559 524 1656 570 Ne-

178 609 262 654 que
291 600 436 643 tamen
462 598 756 656 discrepantia
785 597 934 643 defuit.
988 600 1158 644 Etenim
1185 597 1241 642 de
1269 596 1442 642 duabus
1469 599 1655 657 potissi-

178 683 291 714 mum
320 672 454 715 rebus
483 674 526 715 in
553 670 761 715 diversas
789 670 948 715 abhinc
975 670 1270 716 discesserunt
1297 671 1562 726 sententias,
1598 670 1656 714 de

176 745 348 787 nomine
386 744 559 788 fabulae
596 746 641 787 et
684 743 739 787 de
767 743 960 788 eiusdem
989 746 1119 788 exitu.
1174 744 1247 788 Ac
1274 746 1455 803 primum
1483 741 1653 801 quidem

178 815 235 859 de
262 817 432 859 nomine
457 814 665 861 dicamus

290 888 338 931 Ιιι
367 889 680 933 vetustioribus
710 889 866 946 Nonii,
896 889 1145 945 Prisciani,
1176 890 1299 945 aliis,
1327 891 1372 932 in
1399 888 1552 947 quibus
1582 889 1653 931 in-

174 962 405 1004 veniuntur
445 960 690 1016 fragmenta
728 962 851 1005 libris
893 960 1136 1005 admirabili
1175 973 1285 1004 sane
1325 972 1542 1004 consensu
1571 973 1651 1018 pro

175 1033 433 1078 Dulorestes
464 1032 625 1091 legitur
652 1033 925 1078 Dolorestes.
982 1032 1126 1088 Quam
1149 1032 1328 1077 formam
1347 1033 1566 1076 invectam
1578 1033 1653 1077 illo

174 1118 321 1162 more,
359 1118 445 1163 quo
482 1120 513 1149 o
550 1120 630 1165 pro
671 1121 699 1150 u
735 1107 879 1150 littera
918 1107 994 1150 vel
1023 1117 1185 1163 graeco
1218 1122 1278 1154 ο,υ
1309 1105 1501 1149 scribere
1530 1106 1652 1149 sole-

175 1178 306 1237 bant,
340 1177 571 1236 librarios,
607 1179 765 1237 quibus
790 1179 991 1224 Latinum
1021 1178 1185 1222 dolus
1214 1178 1550 1234 obversaretur,
1590 1178 1651 1221 li-

172 1251 326 1294 benter
343 1250 550 1294 credIbsse
571 1255 640 1295 est
657 1254 912 1309 arripuisse.
958 1250 1085 1296 Unde
1114 1262 1266 1295 veram
1294 1263 1397 1295 esse
1424 1251 1650 1294 lectionem

174 1322 434 1376 Dulorestes
447 1333 560 1366 cave
568 1323 818 1367 concludas.
833 1322 944 1366 Nam
956 1324 995 1367 si
1004 1324 1192 1380 genuina
1203 1325 1467 1381 esset,quam
1481 1321 1651 1367 tandem

168 1399 368 1453 putemus
407 1394 548 1438 fuisse
575 1407 780 1452 causam,
817 1407 898 1438 cur
924 1395 1185 1438 Dulorestes
1227 1397 1452 1438 commenti
1478 1396 1565 1438 sint
1591 1396 1650 1437 li-

168 1462 339 1510 brarii?
367 1466 625 1512 Dulorestes
656 1468 790 1525 igitur
816 1467 1033 1526 inscripta
1061 1462 1144 1510 fuit
1159 1465 1319 1510 fabula.
1354 1465 1508 1525 Neque
1527 1465 1647 1511 alind
1694 1493 1699 1498 »

168 1540 430 1584 Dulorestes
472 1540 722 1597 significare
760 1542 930 1599 potest,
974 1541 1059 1583 nisi
1091 1542 1166 1584 aut
1196 1538 1395 1584 Orestem
1423 1542 1547 1584 servi
1574 1542 1649 1583 aut

170 1625 346 1658 servum
376 1610 550 1657 Orestis
578 1615 728 1672 partes
758 1614 972 1671 agentem.
1028 1611 1175 1656 Aliam
1204 1615 1413 1656 rationem
1444 1610 1498 1657 G.
1527 1612 1648 1657 Her-

169 1699 351 1730 mannus
389 1689 433 1730 in
470 1687 725 1729 recensione
763 1686 881 1729 illius
925 1683 1219 1743 Stieglitziani
1264 1687 1363 1729 libri
1402 1687 1646 1743 proposuit,

167 1760 375 1802 tentatam
403 1759 489 1803 iam
516 1758 661 1801 multis
688 1757 847 1801 abhinc
877 1760 978 1801 ante
1005 1760 1132 1802 annis
1162 1770 1189 1801 a
1220 1756 1408 1803 Sturzio.
1454 1758 1646 1802 Dolore-

166 1833 275 1874 stem
316 1834 429 1875 enim
469 1830 719 1887 significare
747 1832 868 1888 putat
898 1828 1119 1887 Orestem,
1158 1833 1233 1888 qui
1260 1843 1310 1875 re
1337 1841 1448 1873 vera
1473 1843 1559 1873 non
1587 1832 1648 1873 sit

166 1894 447 1948 sed'simulet
474 1914 525 1945 se
554 1914 655 1945 esse
684 1900 898 1946 Orestem.
939 1901 1060 1945 Nihil
1080 1915 1227 1960 posse,
1258 1904 1332 1959 ait,
1362 1914 1464 1946 esse
1488 1903 1645 1963 aptius,

165 1989 293 2034 quam
322 1975 438 2033 quod
465 1975 737 2032 Pacuvium,
765 1976 838 2032 qui
866 1976 996 2018 totam
1025 1974 1200 2019 fabulae
1228 1977 1314 2018 vim
1341 1974 1645 2034 accommoda-

164 2050 280 2091 verit
332 2047 389 2092 ad
428 2047 556 2105 iliud,
612 2049 686 2091 ubi
736 2045 920 2092 Orestes
938 2036 940 2038 ’
957 2049 1000 2090 et
1035 2046 1233 2106 Pylades
1274 2049 1645 2106 magnanimitatis

87 2152 90 2156 .
165 2120 310 2164 studio
348 2123 651 2164 concertantes
693 2122 805 2164 inter
847 2132 898 2164 se
939 2122 983 2162 in
1029 2123 1330 2165 necessitatem
1377 2120 1645 2165 adducerent

168 2192 408 2237 Thoantem
438 2196 513 2239 aut
540 2192 765 2240 occidendi
791 2195 868 2238 aut
892 2193 1152 2251 ignoscendi
1179 2197 1371 2253 uirique,
1398 2193 1500 2238 inde
1513 2195 1643 2238 etiam

164 2279 321 2310 nomen
351 2270 546 2323 putemus
574 2268 757 2325 petiisse
786 2269 829 2310 et
859 2265 1153 2327 Δολορέστηυ
1187 2268 1496 2324 inscripsisse3
1526 2265 1642 2323 quod

163 2339 335 2398 quidem
374 2352 528 2383 nomen
570 2351 825 2398 quamquam
864 2353 943 2397 per
981 2353 1033 2384 se
1070 2341 1154 2385 soli
1172 2333 1349 2398 'Pyladi
1394 2341 1641 2397 conveniat,

160 2413 312 2455 valeat
338 2414 482 2455 tamen
510 2411 566 2454 de
592 2416 776 2470 utroque
803 2412 951 2456 eodem
981 2413 1120 2457 modo.
1177 2413 1254 2457 Ad
1283 2424 1418 2471 quae,
1445 2413 1493 2454 ut
1512 2414 1640 2455 omit-

162 2488 248 2529 tam
265 2519 278 2544 ,
322 2497 438 2544 quae
474 2487 626 2529 contra
664 2484 774 2529 dixit
801 2485 1069 2531 Welckerus
1097 2486 1230 2531 multa
1259 2487 1303 2529 et
1329 2485 1516 2544 gravia,
1554 2485 1639 2530 hoc

164 2558 300 2602 solum
346 2558 570 2615 moneam,
622 2571 709 2601 non
739 2558 883 2603 videri
920 2560 966 2602 in
999 2560 1248 2604 Dolorestis
1285 2558 1453 2602 nomine
1492 2561 1638 2603 inesse

165 2644 299 2689 posse
336 2634 462 2677 istam
506 2630 887 2690 significationem,
934 2646 1059 2690 quum
1090 2644 1201 2691 quae
1230 2631 1371 2676 attulit
1400 2628 1639 2693 Δύςπαρις

160 2703 334 2760 aliaque
355 2717 449 2748 cum
470 2704 696 2749 adverbiis
716 2704 904 2749 conflata
922 2707 1024 2762 apta
1037 2708 1207 2750 omnino
1226 2718 1311 2748 non
1326 2707 1412 2749 sint
1425 2705 1636 2763 exempla.

159 2775 336 2823 Similia
367 2781 515 2821 >antem
556 2780 655 2822 sunt
683 2777 894 2835 Ἀἰγίπαν
939 2780 965 2822 i.
996 2790 1033 2822 e.
1065 2777 1161 2822 Pan
1189 2778 1311 2842 capri
1339 2778 1479 2824 forma
1507 2776 1635 2821 indu-
