1856 3107
940 86 974 132 7

225 209 414 258 Servius
440 202 499 252 ad
523 208 636 253 Aen.
667 208 721 268 4,
748 207 887 256 wa:
918 210 1136 256 Pentheus
1161 213 1302 256 autem
1331 206 1570 255 secundum
1591 213 1686 253 tra-

222 282 422 342 goediam
451 281 633 326 Pacuvii
660 283 791 329 furuit
817 288 944 329 etiam
974 285 1096 343 ipse“
1126 287 1207 329 etc.
1243 283 1320 328 Ad
1346 292 1459 342 quae
1486 280 1694 326 Naekius'

223 356 279 400 de
304 354 473 399 Pacuv.
501 355 651 401 Dulor.
677 372 719 416 p.
736 358 811 402 IV.
834 357 890 402 de
904 358 1000 402 loco
1023 353 1169 402 statim
1191 360 1385 415 sequenti
1414 354 1495 417 [v.
1509 352 1685 415 4730:

220 429 295 486 „A
324 427 518 474 Pacuvio
549 427 729 476 Orestes
770 431 982 476 inducitur
1009 430 1197 490 Pyladis
1226 429 1471 474 admonitu“
1494 432 1585 475 eet.
1614 428 1688 473 di-

220 512 346 545 cens:
386 501 533 561 „Nos,
574 506 731 562 inquit,
775 518 900 562 quum
937 517 1075 562 neque
1112 504 1223 547 alius
1261 496 1498 561 quisquam⁴
1516 502 1599 547 hoc
1627 502 1690 561 de-

220 573 418 618 Pacuvio
452 576 616 633 tradat,
657 589 795 634 neque
833 580 878 620 in
906 577 1162 634 fragmentis
1190 575 1439 619 Dulorestis
1467 575 1594 618 ullum
1623 577 1682 619 sit

219 645 344 691 huius
372 651 611 706 argumenti
640 650 895 706 vestigium,
934 649 1034 707 quid
1062 648 1179 693 aliud
1207 660 1336 706 quam
1364 658 1539 691 errasse
1568 646 1681 692 Ser-

219 719 335 762 vium
364 716 737 765 existimabimus?
764 719 1018 778 praesertim
1044 722 1161 766 illum
1190 718 1408 777 Servium,
1440 720 1513 777 qui
1530 719 1680 763 eodem

217 792 313 836 loco
350 792 562 851 quandam
599 793 781 837 Pacuvii
810 793 866 837 de
892 794 1084 838 Pentheo
1112 792 1382 851 tragoediam
1412 804 1509 836 cum
1537 792 1678 837 Pom-

216 868 344 923 ponio
370 864 536 911 Sabino
565 868 907 925 comminiscitur,
936 868 1103 925 qualem
1119 867 1276 911 nullam
1294 866 1691 924 unquam‘scripsit>

215 937 485 982 Pacuviusf‘
528 937 741 984 Confundi
770 952 798 983 a
826 939 1012 997 Servio,
1046 942 1094 984 ut
1122 941 1249 983 etiam
1279 939 1515 983 Elmsleius
1536 942 1681 983 monet

216 1009 397 1069 [Eurip.
424 1011 586 1056 Bacch.
615 1007 657 1068 ι’).
690 1011 767 1069 5.)
805 1012 1029 1056 Pacuvius
1069 1010 1208 1055 videri
1245 1014 1390 1069 potest
1417 1023 1511 1055 cum
1540 1011 1679 1071 Attio,

125 1104 127 1107 ·
215 1083 259 1126 in
286 1085 408 1127 cuius
435 1083 625 1128 Bacchis
653 1083 873 1128 Pentheus
903 1083 1051 1127 furens
1081 1083 1376 1128 inducebatur.
1422 1084 1520 1127 Hoc
1545 1085 1680 1141 igitur

221 1158 415 1211 quamvis
444 1155 712 1214 addubitem,
739 1157 782 1198 in
809 1155 949 1200 medio
975 1156 1227 1214 relinquam.
1515 1175 1519 1180 =

245 1235 252 1266 l
298 1225 558 1271 Comoedias
587 1240 760 1285 quoque
787 1229 1019 1285 scrIpsisse
1046 1229 1198 1271 volunt
1224 1227 1397 1286 quidam
1425 1228 1678 1271 Pacuvium.

220 1297 340 1353 Quae
366 1311 440 1343 res
468 1311 719 1358 quamquam
749 1312 827 1358 per
856 1312 906 1343 se
934 1299 1049 1357 quod
1077 1300 1327 1344 incredibile
1355 1303 1416 1344 sit
1443 1299 1677 1343 nonhabet

219 1373 329 1431 apud
366 1374 484 1417 illius
523 1375 677 1417 aetatis
716 1373 956 1417 Romanum
994 1376 1194 1431 poetam,
1238 1378 1378 1416 tamen
1407 1375 1674 1429 argumentis

219 1445 330 1491 haud
371 1448 481 1490 satis
509 1445 641 1490 firmis
668 1447 869 1490 innitItur.
928 1444 1040 1491 Sunt
1068 1449 1209 1489 autem
1236 1449 1283 1489 ut
1313 1445 1561 1490 comoedias
1590 1459 1674 1489 non

216 1521 447 1577 scripsisse
474 1531 568 1563 eum
595 1530 864 1575 censeamus,
892 1519 1002 1563 haec
1029 1520 1213 1563 maxime
1244 1531 1353 1577 quae
1367 1520 1539 1563 faciunt.
1568 1519 1673 1562 Pri-

217 1588 327 1635 mum
362 1592 472 1635 enim
509 1602 538 1633 a
574 1590 774 1635 Volcatio
811 1590 1016 1649 Sedigito
1043 1591 1160 1651 apud
1192 1590 1374 1635 Gellium
1405 1590 1523 1650 (15,
1561 1590 1673 1649 24.)

215 1666 261 1706 in
289 1663 598 1709 comoediarum
626 1665 883 1722 scriptorum
912 1677 1127 1710 numerum
1156 1679 1241 1708 non
1269 1666 1466 1708 refertur.
1505 1665 1673 1709 Deinde

216 1735 491 1780 Tarentillam
529 1738 573 1780 et
611 1735 948 1794 Tuniculariam,
988 1750 1099 1795 quae
1138 1749 1165 1780 a
1198 1737 1395 1782 Varrone
1424 1737 1670 1796 afferuntur,

214 1821 299 1853 non
322 1809 508 1853 Pacuvii
535 1809 614 1854 sed
643 1810 801 1855 Naevii
832 1823 932 1855 esse
959 1811 1134 1855 fabulas
1162 1814 1248 1855 iam
1271 1811 1386 1869 apud
1409 1823 1558 1855 omnes
1581 1811 1670 1855 fere

214 1884 394 1927 constat.
476 1878 546 1927 Cf.
592 1883 860 1929 Klussmann
906 1883 963 1928 de
1006 1886 1101 1929 vita
1148 1890 1191 1929 et
1227 1884 1384 1943 fragm.
1430 1884 1591 1929 Naevii
1626 1900 1669 1943 p.

216 1954 463 2013 175-76,
506 1954 618 2001 179.
672 1958 916 2016 Mercator,
956 1969 1067 2015 quae
1102 1970 1129 2000 a
1166 1958 1366 2001 Varrone
1400 1958 1455 2000 de
1482 1959 1509 2001 l.
1538 1959 1589 2001 L.
1621 1957 1668 2014 ’7,

213 2024 292 2073 60.
321 2030 518 2089 affertur,
546 2033 613 2075 est
640 2030 798 2075 Plauti.
852 2032 1008 2076 Restat
1035 2032 1167 2088 igitur
1194 2030 1392 2087 Pseudo,
1422 2043 1549 2089 quam
1574 2031 1671 2075 Pa-

212 2105 330 2144 cuvii
368 2114 467 2145 esse
504 2102 763 2156 comoediam
801 2104 978 2148 disertis
1014 2103 1164 2146 verbis
1194 2103 1298 2146 dicit
1324 2103 1585 2160 Fulgentius
1615 2103 1671 2146 de

212 2173 399 2219 ab'struS.
428 2187 554 2219 serm.
582 2189 619 2220 s.
647 2190 692 2220 v.
722 2176 1023 2221 blaterare.
1083 2175 1218 2230 Quem
1246 2178 1387 2220 tamen
1416 2177 1669 2233 scriptorem

212 2248 313 2304 quin
344 2246 513 2290 falsarii
539 2249 706 2292 nomine
734 2256 951 2305 notemus,
987 2249 1065 2290 vix
1092 2248 1216 2291 nobis
1244 2261 1474 2305 possumus
1503 2251 1668 2307 tempe-

211 2331 334 2377 rare,
372 2333 510 2378 neque
546 2320 631 2366 hoc
666 2323 761 2366 sine
794 2322 1017 2366 multorum
1045 2322 1233 2365 virorum
1262 2321 1485 2366 doctorum
1517 2323 1669 2366 aucto-

211 2393 339 2448 ritate
364 2393 560 2438 facimus.
603 2394 694 2438 Iam
706 2394 937 2439 Mercerus
951 2398 995 2438 in
1007 2396 1122 2438 notis
1144 2406 1252 2452 quas
1277 2395 1445 2439 addidit
1460 2406 1665 2451 magnum

212 2476 325 2521 quae
362 2468 617 2512 commiserit
656 2470 702 2511 in
731 2467 960 2513 afferendis
986 2468 1228 2512 nominibus
1257 2469 1448 2527 locisque
1476 2469 1666 2525 scripto·-

211 2551 303 2581 rum
330 2552 549 2585 numerum
578 2538 751 2585 exhibet
776 2542 990 2585 vitiorum.
1044 2539 1162 2584 Idem
1191 2541 1446 2586 censendum
1475 2551 1578 2584 esse
1606 2543 1668 2585 ait

211 2609 266 2655 (le
293 2609 375 2655 hoc
400 2613 573 2672 libello,
608 2613 725 2671 quod
751 2613 808 2658 de
834 2614 909 2658 illo
939 2610 1037 2674 περὶ
1068 2614 1379 2676 παραλλήλων
1412 2613 1667 2674 ἑλληνικῶν

213 2681 286 2728 καὶ
319 2682 565 2747 ῥωμαῒκιῦυ
595 2687 727 2744 libro,
755 2699 877 2745 quem
906 2699 1027 2732 nemo
1056 2698 1192 2733 sanus
1220 2686 1455 2732 Plutarcho
1480 2689 1670 2732 tribucre

210 2761 374 2816 possit3
410 2771 521 2821 quae
556 2760 642 2804 illic
669 2761 916 2819 narrentur,
954 2760 1071 2806 falsa
1101 2772 1200 2805 esse
1229 2761 1272 2803 et
1300 2759 1492 2805 absurda
1520 2761 1669 2819 plera-
