1824 3208
920 60 990 107 34

313 188 446 223 Similia
469 191 545 222 sumt
568 186 752 232 Euripiden
777 187 850 233 lpli.
874 187 971 223 Taur.
1000 188 1099 225 1273.
1127 189 1180 223 74.

314 252 371 287 28.
406 251 491 286 Non.
517 261 552 296 p.
578 248 669 285 4⁷⁷:
709 249 996 302 „Adiutatur
1022 262 1085 297 pro
1109 251 1246 286 adiutat.
1286 254 1362 288 Pac.
1393 254 1490 290 Dal«

311 314 370 351 29.
406 313 483 348 Non
520 323 555 358 p.
581 311 669 348 179:
698 311 745 346 „T
757 318 863 359 o'rto
887 325 951 359 pro
974 309 1150 349 tormento.
1184 335 1214 341 -
1246 336 1292 343 —
1318 336 1361 343 —
1388 318 1464 353 Pac.
1487 314 1628 354 'Dulor“

310 375 497 411 Commode
529 375 572 410 ad
608 375 694 411 haec
716 375 857 411 Vossius
882 378 916 411 in
939 378 1118 424 Castigat.:
1158 377 1289 420 Valde,
1325 379 1454 425 inquit,
1491 387 1624 425 metuo,
1648 393 1692 416 ne

217 446 310 477 erret
331 439 486 483 Nonius,
519 450 595 475 cum
627 444 749 474 torto
784 440 1021 485 interpretatur
1045 447 1228 484 torment03
1264 452 1341 476 nam
1371 445 1447 487 qui·
1469 451 1624 481 veterum
1646 448 1692 480 ita

216 503 395 551 loquitur?
428 502 542 544 Quare
564 503 631 538 hoc
653 504 767 548 potius
792 502 874 537 dicit
897 510 1009 548 poeta,
1033 505 1094 539 tibi
1117 509 1204 539 torto
1220 504 1402 540 distraham
1414 507 1583 551 membra3
1606 509 1640 543 h.
1660 519 1693 543 e.

217 569 298 604 dum
320 569 490 615 torqueris
514 578 545 604 e.
571 577 604 612 q.
630 577 657 601 s.

311 631 371 669 30.
405 632 492 667 Non.
515 640 550 675 p.
572 627 639 663 38:
675 628 938 665 Eliminare
961 636 1053 666 extra
1078 631 1178 666 limen
1201 632 1336 666 eiicere.
1375 632 1541 667 Pacuvius
1566 632 1691 669 bulon:

218 697 285 733 Ubi
316 695 387 731 illie
409 692 488 729 est?
523 703 578 727 me
611 693 786 735 miseram;
820 703 965 738 quonam
1002 693 1086 728 clam
1121 695 1206 729 clam
1238 695 1417 729 eliminata
1468 695 1520 733 ld.
1543 706 1575 741 p.
1601 695 1692 731 292:

218 760 487 796 Eliminare
509 760 562 789 est
584 756 690 790 exire.
715 776 758 783 -
785 774 830 781 -
855 746 1037 790 Eliminare
1058 767 1189 790 rursum
1209 757 1400 791 excludere.
1439 758 1604 792 Pacuvius
1620 757 1694 793 Du-

219 823 369 859 los-estez
393 817 459 854 Ubi
483 817 545 853 ille
569 817 651 853 est?
675 829 730 853 me
753 819 933 865 miseram,
957 819 1114 864 quoniam
1138 819 1264 853 clamor
1287 820 1471 857 eliminat.“

309 884 424 918 Illic
460 882 577 927 priore
599 881 675 916 loco
699 881 825 917 habent
847 882 924 916 libri
947 892 1088 923 omnes,
1114 887 1149 914 ut
1172 883 1361 926 posteriore
1393 883 1487 921 ille.
1532 882 1691 917 Vossius:

217 959 317 996 quam
341 947 469 982 clamos
492 944 663 986 eliminat,
698 956 798 992 quam
822 944 1000 980 lectionem
1024 944 1213 980 confirmari
1237 946 1305 987 ait,
1342 946 1432 991 quod
1458 956 1526 981 uno
1554 949 1587 981 in
1618 946 1693 980 loco

218 1022 283 1059 pro
315 996 478 1046 elamor
508 1009 671 1054 scriptum
701 1008 786 1043 clam
810 1019 898 1050 vos,
932 1008 1093 1043 Bothius:
1127 1019 1227 1054 quam
1250 1008 1396 1043 clamore
1420 1010 1568 1044 eliminat
1589 1009 1691 1053 (ille).

218 1074 259 1112 G.
285 1074 496 1109 Hermannus
519 1072 679 1107 coniecit:
710 1082 865 1118 >quonam
890 1068 1042 1106 clanculo
1066 1083 1104 1106 se
1123 1071 1289 1114 eliminat3
1327 1070 1514 1118 Bergkius:
1550 1082 1694 1117 quonam

219 1136 407 1173 clanculum
430 1146 469 1170 se
493 1134 650 1170 eliminat.

313 1272 584 1318 Ceterumssquod
608 1273 743 1318 quidam
768 1273 905 1314 volunt,
929 1278 1062 1317 poetam
1087 1279 1236 1307 nostrum
1260 1273 1350 1318 quod
1378 1274 1410 1307 iu
1434 1272 1615 1308 Duloreste
1639 1273 1695 1306 in-

217 1337 392 1374 choaverit
424 1340 639 1380 persecutum
674 1333 805 1379 Chryse
837 1341 872 1370 et
903 1336 1020 1370 nescio
1059 1346 1124 1381 qua
1148 1336 1259 1370 fabula
1292 1336 1334 1370 ad
1361 1336 1459 1370 finem
1485 1336 1694 1381 perduxisse,

217 1411 348 1438 merum
371 1403 594 1444 commentum
618 1403 721 1443 puto,
747 1409 848 1444 quum
872 1409 983 1444 neque
1005 1403 1157 1433 veterum
1182 1401 1382 1443 scriptorum
1407 1398 1531 1439 indicio
1554 1397 1623 1432 ullo
1639 1399 1694 1431 ni-

216 1469 318 1506 tatur,
346 1472 459 1508 neque
483 1460 586 1495 ullum
611 1462 685 1496 eius
708 1462 758 1496 rei
781 1462 817 1495 in
840 1460 1038 1507 fragmentis
1061 1466 1114 1496 est
1135 1462 1306 1497 indicium.
1355 1460 1562 1506 Quamquam
1591 1470 1695 1504 argu-

215 1528 319 1569 menti
342 1525 487 1573 quadam
510 1524 726 1560 similitudino
760 1535 837 1560 cum
862 1524 1040 1560 Duloreste
1075 1526 1286 1560 coniunctam
1320 1525 1425 1560 fuisse
1442 1523 1600 1567 Chrysen
1628 1523 1693 1556 mi-

216 1593 307 1627 nime
330 1600 431 1636 nego.
477 1588 549 1623 Sed
574 1588 672 1634 plura
696 1588 740 1623 de
768 1587 833 1623 hac
856 1599 893 1622 re
917 1591 947 1623 si
969 1599 1165 1624 concessum
1189 1590 1290 1625 fuerit
1313 1589 1463 1625 dicemus
1487 1587 1580 1622 alias.

679 1699 852 1756 111.
897 1699 1240 1757 Iliona.

328 1801 459 1845 Hanc
495 1801 723 1857 egregiam
758 1799 1030 1858 tragoediam
1067 1814 1170 1844 num
1211 1801 1268 1844 ex
1297 1799 1469 1845 Graeco
1498 1801 1694 1858 exemplo

217 1874 490 1934 expresserit
534 1869 761 1916 Pacuvius
806 1886 990 1931 prorsus
1044 1874 1309 1929 ignoramus.
1379 1872 1693 1930 Argumentum

216 1949 429 2007 Hyginus
457 1944 545 1989 fab.
578 1940 690 1989 119.
715 1948 946 2004 servavit,
986 1944 1101 2003 quod
1129 1947 1331 1989 narratur
1357 1947 1435 1989 sic.
1490 1944 1693 2004 „Priamo

215 2019 470 2079 Polydorus
498 2017 618 2061 filius
646 2029 703 2061 ex
731 2012 914 2062 Hecuba
943 2031 1072 2075 quum
1089 2021 1209 2062 esset
1222 2021 1363 2075 natus,
1392 2019 1558 2062 Ilionae
1581 2018 1694 2061 filiae

219 2106 327 2138 suae
375 2082 602 2136 dederunt'
635 2103 734 2135 eum
771 2090 1066 2153 educandum,
1119 2103 1232 2149 quae
1268 2091 1561 2150 Polymestori
1595 2094 1693 2148 regi

221 2165 437 2210 Thracum
484 2165 580 2208 erat
619 2166 777 2224 nupta,
827 2176 953 2223 quem
993 2164 1069 2207 illa
1108 2176 1189 2222 pro
1226 2163 1314 2208 filio
1354 2178 1435 2209 suo
1475 2164 1695 2222 educavit,

216 2237 463 2297 Deiphilum
491 2239 633 2281 autem
649 2267 671 2294 φ
692 2248 820 2295 quem
851 2249 908 2281 ex
935 2236 1239 2295 Polymestore
1259 2239 1585 2295 procreaverat,
1614 2249 1693 2293 pro

216 2324 300 2356 suo
328 2309 465 2354 fratre
495 2303 724 2367 educavit,
751 2311 799 2353 ut
826 2311 867 2353 si
895 2309 1020 2353 alteri
1048 2321 1196 2353 eorum
1224 2309 1329 2368 quid
1358 2310 1492 2366 soret,
1530 2320 1694 2366 paren-

213 2384 331 2428 tibus
372 2383 631 2441 praestaret.
688 2372 783 2429 sed
821 2396 951 2441 quum
988 2381 1154 2426 Achivi
1192 2381 1326 2426 Troia
1363 2383 1495 2441 capta
1528 2382 1693 2438 prolem

215 2456 381 2501 Priami
408 2455 654 2512 exstirpare
672 2455 856 2513 vellent,
884 2453 1187 2512 Astyanacta,
1217 2455 1424 2499 Hectoris
1446 2445 1489 2497 'ct
1508 2453 1694 2498 Andro-

217 2528 397 2573 machae
431 2526 588 2585 filium,
632 2526 688 2571 de
715 2540 836 2573 muro
875 2526 1147 2585 deiecerunt,
1191 2530 1233 2571 et
1261 2526 1319 2570 ad
1348 2526 1691 2584 Polymestorem

173 2628 175 2630 -
216 2600 388 2657 legatos
397 2602 618 2657 miserunt,
627 2602 700 2659 qui
712 2602 751 2644 ei
761 2600 1109 2658 Agamemnonis
1122 2599 1268 2658 filiam,
1281 2595 1449 2643 nomine
1457 2600 1693 2656 Electram,

215 2672 523 2732 pollicerentur
560 2676 605 2718 in
644 2676 891 2732 coniugium
907 2706 921 2731 ,
965 2675 1009 2717 et
1046 2675 1145 2717 auri
1184 2683 1387 2728 magnam
1417 2676 1606 2733 copiam,
1651 2675 1692 2716 si

212 2743 505 2803 Polydorum,
532 2746 698 2792 Priami
726 2746 872 2803 filium,
899 2745 1203 2790 interfecisset.
1259 2744 1540 2804 Polymestor
1559 2745 1692 2802 lega*-
