1824 3208
901 69 934 129 6

181 195 254 238 vel
283 195 431 253 plures
460 193 657 238 Graecas
685 194 857 239 fabulas
885 197 930 238 in
959 196 1085 239 unius
1115 194 1291 238 formam
1321 195 1564 253 redegisse,
1592 194 1652 236 ita

179 270 228 312 ut
253 269 407 326 partim
437 266 738 323 amplificando
773 270 930 325 partim
960 266 1147 313 tollendo
1175 279 1336 312 novam
1370 270 1496 327 plane
1523 266 1653 312 fabu-

180 341 269 385 lam
296 340 456 384 fecisse
483 338 718 384 videretur.
765 338 824 384 Ut
853 343 914 385 ita
946 342 1226 386 coniiciamus
1253 341 1330 384 vel
1357 343 1454 399 ipso
1482 338 1654 400 „docti“

184 414 440 471 cognomine
486 413 749 470 inducimur,
795 413 912 472 quod
960 414 1018 459 ad
1065 416 1311 459 accuratam
1359 414 1656 472 mythologiae

183 487 474 545 cognitionem
501 489 629 545 atque
657 489 842 531 animum
853 486 1052 532 doctrina
1064 488 1281 532 excultum·
1290 486 1483 531 referunt
1499 485 1656 542 Stieg-

185 560 333 603 litzius
364 557 437 617 [p.
464 557 543 617 8.)
573 560 616 601 et
644 559 911 605 Welckerus
951 560 1060 619 [Gr.
1076 564 1191 618 trag.
1209 575 1250 619 p.
1278 557 1470 614 1358.)
1521 557 1656 613 Quem

184 631 359 690 quidem
388 630 670 690 componendi
698 630 869 676 modum
897 644 993 677 cum
1021 635 1175 678 comici
1202 635 1356 692 poetae
1385 630 1659 675 adhibuerint

186 703 334 761 quidni
362 705 518 761 tragici
546 716 715 761 quoque
743 707 1074 763 usurpaverint:
1103 717 1355 764 quamquam
1374 716 1430 748 ex
1453 702 1656 748 Terentio

189 775 361 834 [Andr.
400 779 443 819 et
480 775 770 820 Heautontim.
809 778 1043 836 prologg.)
1095 792 1181 823 non
1228 778 1419 823 defuisse
1446 774 1659 830 videmus,

189 848 344 907 quibus
373 841 483 893 haec
510 850 766 894 comicorum
794 854 906 895 ratio
935 850 1050 895 haud
1074 852 1185 895 satis
1200 850 1471 909 probaretur,
1500 850 1659 907 quique

187 923 468 966 contaminari
515 935 603 966 non
646 921 803 967 decere
840 923 1014 968 fabulas
1051 922 1244 967 dicerent
1280 924 1660 981 vituperarentque

188 992 456 1052 Terentium,
485 994 605 1053 quod
632 996 791 1040 multas
819 997 1157 1041 contaminasset
1186 995 1412 1044 Graecas,
1459 994 1559 1039 dum
1587 994 1662 1038 fa-

188 1072 308 1115 ceret
345 1079 512 1127 paucas
550 1068 724 1113 latinas.
811 1066 941 1122 Quod
980 1070 1021 1113 si
1053 1068 1167 1114 hunc
1201 1081 1360 1113 morem
1395 1080 1424 1112 a
1458 1067 1660 1112 Pacuvio

188 1156 277 1187 non
314 1142 453 1186 fuisse
495 1140 678 1184 alienum
707 1143 825 1185 recte
854 1143 1050 1185 statuere
1078 1143 1323 1201 possimus,
1361 1153 1417 1184 ex
1447 1140 1532 1184 hoc
1562 1141 1659 1197 ipso

191 1216 324 1275 parvi
353 1214 424 1270 (si
455 1212 512 1257 ad
527 1213 638 1257 alios
667 1213 991 1269 tragoediarum
1022 1215 1259 1273 scriptores
1286 1214 1404 1258 illius
1418 1214 1575 1257 aetatis
1587 1224 1663 1256 re-

191 1287 360 1346 spicis)
390 1298 500 1343 quas
529 1288 709 1341 scripsit
736 1285 981 1328 fabularum
1010 1287 1172 1329 numeri
1198 1297 1373 1330 causam
1388 1283 1663 1343 repetendam

190 1372 292 1405 esse
322 1362 478 1417 putem.
533 1357 611 1401 Ad
640 1369 717 1400 eas
747 1359 855 1401 enim
886 1371 998 1416 quas
1026 1361 1462 1403 commemoravimus
1490 1357 1663 1402 fabulas

189 1435 366 1492 pra'eter
410 1430 669 1486 Pentheum,
723 1429 778 1473 de
826 1442 913 1488 qua
949 1432 1092 1474 statim
1139 1429 1325 1487 dicetur,
1376 1441 1462 1475 una
1499 1431 1664 1474 tantum

194 1507 422 1565 praetexta
457 1503 625 1548 Paulus
664 1502 845 1547 accedit.
900 1503 1011 1547 Nam
1043 1503 1284 1561 Thyestes,
1323 1516 1449 1562 quam
1476 1515 1505 1547 a
1531 1503 1666 1547 Wel-

194 1577 326 1621 ckero
357 1575 545 1633 [Graec.
566 1578 610 1619 et
629 1574 938 1620 Graec.-Rom.
957 1579 1073 1632 trag.
1093 1591 1135 1634 p.
1154 1573 1302 1634 368.)
1318 1576 1448 1619 video
1467 1575 1665 1622 Pacuvio

194 1650 348 1707 tribui,
376 1663 500 1706 quum
530 1661 559 1692 a
587 1649 683 1693 solo
714 1649 950 1706 Fulgentio
989 1648 1075 1706 [de
1104 1663 1189 1707 quo
1217 1650 1344 1708 plura
1372 1649 1566 1693 dicemus
1593 1650 1666 1691 in-

192 1723 295 1781 fra)
326 1721 554 1779 afferatur,
582 1723 662 1764 vix
689 1724 737 1764 ut
765 1721 1035 1765 Pacuvianis
1064 1721 1338 1766 adnumerem
1365 1721 1470 1766 mihi
1491 1733 1666 1780 possum

194 1794 474 1855 persuadere.
512 1794 695 1839 Praeter
723 1794 805 1838 has
833 1797 1052 1853 tamquam
1078 1794 1265 1839 Pacuvii
1283 1794 1536 1838 afferuntur:
1565 1793 1668 1837 An-

193 1869 363 1925 chises,
404 1867 639 1924 Tantalus,
674 1866 906 1912 Pentheus.
931 1908 934 1911 .
965 1865 1061 1914 Sed
1098 1867 1213 1926 quod
1242 1872 1309 1911 est
1337 1866 1453 1926 apud
1483 1864 1668 1911 Gellium

195 1943 255 2001 4,
288 1941 389 1986 12:
427 1942 481 1984 in
520 1940 767 1984 Anchise
805 1939 874 1998 *)
920 1943 1039 1984 recte
1067 1953 1123 1984 ex
1152 1940 1373 1984 codicibus
1402 1939 1668 1985 emendatum

196 2027 298 2060 esse
325 2017 369 2058 in
400 2011 621 2071 Chryse
659 2012 791 2056 facile
821 2011 1071 2068 credamuS,
1111 2014 1364 2071 praesertim
1394 2027 1521 2071 quum
1547 2012 1669 2058 nulla

200 2087 374 2132 Graeca
400 2087 553 2130 fabula
580 2085 801 2128 Anchises
829 2088 933 2129 nota
959 2087 1028 2143 sit.
1105 2084 1331 2142 Chryse
1360 2089 1461 2142 post
1492 2084 1669 2129 Grono-

198 2161 316 2204 vium
343 2158 409 2204 M.
438 2159 589 2203 Hertz.
624 2158 668 2201 in
696 2170 814 2202 nova
844 2156 976 2203 Gellii
1005 2157 1191 2202 editione
1219 2157 1392 2202 exhibet
1430 2156 1519 2217 [A.
1539 2155 1671 2202 Gellii

198 2232 328 2276 Noct.
357 2233 449 2275 Att.
477 2233 575 2275 libri
596 2232 707 2279 XX.
766 2233 839 2275 Ex
877 2244 1042 2275 recens.
1075 2231 1258 2274 Martini
1296 2232 1446 2274 Hertz.
1478 2230 1575 2273 Vol.
1603 2242 1670 2286 pr.

198 2305 324 2365 Lips.
358 2301 537 2363 1853.)
583 2304 658 2349 Ad
689 2303 917 2348 Tantalum
940 2303 1054 2362 quod
1073 2304 1247 2363 attinet,
1277 2306 1361 2348 iam
1384 2300 1670 2348 monetMer-

197 2391 329 2423 cerus
359 2376 418 2421 ad
447 2377 558 2421 Non.
589 2392 634 2420 v.
664 2376 1072 2436 praegreditur:
1103 2376 1181 2420 sed
1212 2380 1254 2421 et
1275 2378 1548 2421 Atalanta
1577 2386 1671 2418 mea

203 2452 288 2497 lius
317 2451 491 2509 vulgati
518 2463 645 2508 quam
673 2451 773 2493 libri
803 2449 1058 2493 Tantalo.
1087 2448 1196 2507 Μ)
1247 2450 1315 2494 De
1343 2447 1537 2493 Pentheo
1568 2447 1670 2491 (licit

264 2627 300 2671 ¹⁶)
337 2626 552 2661 Recentiores
576 2624 697 2659 codd-2
732 2624 975 2665 Anchise,
1009 2623 1248 2667 Anchyse,
1282 2621 1448 2664 Chise3
1487 2623 1557 2657 Vat.
1583 2622 1668 2665 Reg.

341 2688 532 2732 Chryse;
558 2683 646 2724 noti„
676 2690 768 2722 ese.

247 2752 308 2796 W)
347 2751 475 2786 lunius:
514 2752 739 2786 Atalanta.

207 3174 210 3179 .
600 3106 633 3115 *⁴
1101 3124 1824 3208 ΗΜ
1425 3152 1428 3155 <
1522 3149 1568 3157 -»
1690 3131 1694 3133 ’
