1824 3208
920 71 991 119 48

211 196 382 239 ritatem
418 196 574 253 partim
615 195 670 238 ad
710 195 976 253 augendam»
996 200 1090 241 vim
1126 197 1313 243 actionis
1338 197 1582 258 qualitatem
1598 200 1684 246 ‘dl-

210 269 413 312 stinctius
441 266 735 322 definiendam.
804 263 920 313 Hinc
948 271 1017 313 est
1043 271 1173 314 etiam
1200 268 1317 328 qnod
1345 270 1548 318 danunt
1573 271 1685 317 dixit

209 345 344 399 poeta
380 344 531 391 noster
568 336 620 384 11.
649 334 708 400 6,
748 344 793 385 et
832 342 1060 386 tetinerim
1097 338 1246 396 Herm.
1274 339 1372 401 19„
1401 347 1446 390 et
1471 345 1683 392 tetinisse

208 411 332 457 Med.
372 410 473 470 12„
518 414 641 458 cuius
680 412 1035 473 reduplicationis
1073 426 1186 474 quae
1215 417 1273 460 sit
1300 418 1374 459 vis
1403 428 1458 461 ac
1486 422 1682 476 potestas

205 485 312 531 vide
341 499 453 545 quae
481 486 609 531 docte
637 486 881 545 disputavit
906 488 1155 533 Lobeckius
1191 489 1276 547 „de
1304 484 1506 548 Syllabis
1535 492 1682 554 dupli-

206 559 361 602 catis.“
375 558 445 618 ὕ)
476 584 529 591 -—
558 559 634 603 Ad
658 561 1003 617 coniugationem
1032 562 1191 619 [quam
1209 562 1536 607 declinationem
1553 565 1682 610 dixe-

205 634 305 676 runt
344 631 551 690 veteres)
590 631 706 690 quod
742 630 914 692 attinet,
955 630 1171 680 notabiles
1207 638 1309 680 sunt
1349 633 1558 695 imprimis
1584 635 1683 684 for-

205 717 305 750 mae
331 704 439 749 hae:
1310 729 1312 732 ·

372 789 745 822 averruncassere
772 777 896 823 Med.
923 776 971 824 4.

374 850 735 896 averrunczissint
764 849 924 910 Chrys.
957 851 1000 896 1.

371 926 591 984 tui-passis
620 922 720 968 Dul.
752 923 830 968 14.

374 1008 564 1056 accepso
595 996 727 1041 Teuc.
758 996 841 1051 24.
870 995 1089 1056 [capsit
1117 998 1211 1044 Att.
1238 995 1435 1056 Meleag.
1468 994 1581 1059 1⁸7.)

369 1072 488 1114 axim
517 1070 662 1115 Perib.
696 1069 776 1115 10.

369 1142 487 1187 faxis
515 1143 616 1187 Dul.
647 1142 725 1187 14.
791 1168 797 1194 3

369 1216 508 1262 faxsit
533 1218 616 1259 inc.
646 1214 727 1259 24.
758 1214 845 1273 [cf.
872 1215 967 1259 Att.
996 1215 1180 1260 Philoct.
1208 1212 1306 1275 3.],

200 1298 378 1345 quarum
418 1286 793 1332 omnium-eadem
832 1286 1009 1332 videtur
1048 1291 1149 1332 esse
1184 1289 1311 1332 ratio.
1380 1284 1555 1333 Etenim
1596 1291 1677 1333 vix

174 1350 343 1419 vpotest
370 1373 472 1404 esse
498 1358 699 1418 dubium,
729 1364 833 1419 quin
860 1360 918 1404 ad
945 1359 1173 1405 formanda
1199 1361 1395 1420 tempora
1424 1359 1676 1420 modosque,

196 1435 449 1493 priusquam
488 1432 512 1478 f
518 1447 653 1478 uere
679 1435 725 1478 in
751 1434 867 1483 lianc
894 1446 1021 1479 usum
1046 1436 1316 1494 verteretur,
1355 1440 1491 1493 (e)so,
1530 1436 1674 1486 (eJSim

197 1501 347 1568 (quod
388 1508 501 1551 idem
539 1507 659 1552 valet
700 1516 754 1551 ac
782 1517 894 1552 sum
923 1507 997 1551 vel
1028 1513 1226 1565 (insum,
1254 1505 1346 1568 θ),
1389 1507 1446 1552 ab
1475 1518 1569 1560 ese
1596 1508 1672 1552 vel

196 1592 290 1624 ess
302 1578 357 1638 e]
386 1581 429 1624 in
461 1581 660 1624 omnibus
689 1581 840 1625 verbis
870 1578 1143 1625 adhibuerint
1171 1575 1318 1624 Latini
1348 1582 1495 1639 prisci.
1555 1577 1670 1625 Hine

194 1647 408 1711 duplicem
438 1654 689 1697 effinxerunt
717 1650 961 1696 declinandi
988 1650 1182 1697 modum:
1212 1666 1239 1697 a
1268 1642 1452 1697 litteram
1482 1646 1559 1713 [ln
1587 1654 1670 1698 de-

192 1727 352 1770 rivatis
381 1729 569 1770 maxime
598 1723 782 1785 verbis]
813 1726 1078 1782 retinebant,
1127 1726 1243 1770 unde
1272 1732 1378 1786 turp
1392 1726 1564 1771 assim
1595 1727 1669 1770 vel

192 1795 446 1856 tur'pas-so
483 1800 510 1841 i.
540 1811 576 1841 e.
616 1801 906 1857 turpa-eso,
951 1801 1086 1842 contr.
1116 1798 1323 1857 turpaso,
1365 1798 1481 1857 quod
1510 1797 1667 1857 postea

191 1870 352 1931 duplici
382 1885 406 1915 s
436 1871 712 1915 scribebant:
755 1873 798 1914 in
828 1867 927 1915 aliis
957 1870 1221 1930 [primitivis
1249 1874 1436 1916 max-ime
1457 1866 1667 1915 vocabu-

188 1943 280 2004 lis]
310 1958 397 2002 so,
428 1946 526 1988 sim
566 1956 660 1987 cum
692 1946 947 1988 consonanti
978 1946 1225 2001 primitivae
1251 1944 1454 2001 syllabae
1482 1946 1665 1987 coniun-

188 2017 379 2076 gebant3
407 2017 512 2060 faxo
544 2016 735 2076 (faxim),
766 2030 852 2061 axo
885 2018 1034 2068 (axim)
1062 2019 1089 2061 i.
1111 2026 1148 2061 e.
1168 2017 1317 2074 facso,
1346 2027 1485 2075 aoso,
1514 2028 1664 2075 capso,

187 2102 390 2150 aecepso.
444 2090 560 2133 Hinc
589 2090 814 2133 Pacuvius
843 2092 971 2134 etiam
999 2090 1255 2134 infinitivum
1284 2090 1409 2133 fecit:
1444 2097 1664 2134 averrun-

187 2175 391 2221 cassere,
420 2176 547 2221 quum
576 2175 917 2208 averruncasso
946 2165 986 2208 ei
1015 2166 1133 2208 esset
1160 2163 1286 2222 quasi
1314 2165 1561 2223 praesentls
1590 2165 1663 2207 in-

187 2237 270 2280 dic.
299 2236 420 2293 loco;
455 2235 665 2292 debebat,
703 2238 879 2295 opinor,
916 2246 1238 2280 averruncasse
1267 2233 1661 2295 (axienmeafiese,

186 2305 530 2370 averruncase].
565 2333 623 2342 —
653 2308 744 2353 Iam
773 2308 829 2353 de
860 2308 1178 2368 significatione
1206 2310 1246 2354 si
1274 2319 1481 2367 quaeras,
1523 2316 1660 2353 aver-

185 2394 448 2427 runcassere
483 2380 639 2442 [Med.
679 2381 748 2427 4.:
786 2382 977 2428 Possum
1020 2394 1106 2441 ego
1142 2384 1272 2427 istam
1310 2384 1455 2441 capite
1493 2375 1659 2426 cladem

254 2551 292 2597 *)
324 2550 402 2586 Alia
427 2550 631 2585 Graecorum
655 2561 750 2585 more
779 2550 920 2584 formata
961 2549 1113 2596 exempla
1148 2555 1248 2585 sunt:
1283 2541 1466 2594 momordi,
1501 2551 1658 2596 peposci.

324 2626 524 2661 pepugeru,
550 2615 757 2655 occecurrit,
790 2614 1064 2659 speponderant,
1098 2608 1300 2654 sciciderat,
1338 2624 1425 2659 quae
1447 2619 1491 2649 e‘x
1514 2614 1657 2660 antiqui·

325 2675 420 2712 affert
445 2675 570 2712 Gellius
596 2689 629 2715 n.
653 2688 684 2711 a.
713 2674 772 2720 VI,
795 2676 819 2711 9
842 2674 991 2721 (Hertz).

228 2736 289 2785 η)
325 2738 516 2787 Augustum
546 2735 963 2786 imperatoremsimus
995 2747 1058 2786 pro
1087 2747 1238 2776 eumn
1266 2739 1387 2782 «licere,
1415 2740 1548 2776 :oinium
1579 2741 1655 2775 edu

323 2803 428 2838 tradit
447 2803 585 2839 Sueton.
611 2804 670 2839 vit.
694 2803 785 2850 Aug.
810 2814 839 2838 c.
862 2802 921 2841 87.
