1856 3107
937 66 1015 114 43

338 194 391 229 17„
428 192 549 231 Fenus
574 204 609 239 p.
631 192 701 229 372
723 193 828 240 0¹0)ss
864 192 1062 248 „Vecors
1091 197 1145 227 est
1167 193 1287 228 turbati
1311 197 1346 228 et
1369 191 1447 226 mali
1475 189 1618 223 cardiu
1664 192 1703 225 In

241 258 319 294 cod.
342 260 415 291 est:
452 255 627 299 veloci,
660 267 723 304 pro
746 266 814 304 quo
838 255 995 291 Mullerus
1018 255 1090 290 vult
1113 256 1182 302 legi
1217 256 1371 291 velox.
1419 254 1451 289 A
1478 253 1645 288 Scriverio
1670 258 1704 287 et

168 323 173 327 ’
242 319 362 354 Boibio
388 318 454 353 hoc
476 319 696 366 fragmentum
720 325 774 356 est
794 320 1075 367 praetermissum.

335 380 390 419 18.
429 381 512 418 Non.
538 383 629 418 475:
664 383 794 429 „poti
826 393 890 429 pro
913 383 1048 428 potis-ia

332 444 434 481 Varie
462 445 618 493 leguntur
648 447 758 492 priora
791 446 897 482 verba
926 446 1024 481 huius
1055 445 1245 491 fragmenti.
1292 444 1331 479 ln
1362 444 1503 480 Merceri
1534 443 1615 478 edit.
1655 442 1707 477 sic

238 513 368 543 exstat:
403 508 461 544 Usi
484 509 610 545 honere
633 510 736 545 credo
759 509 880 544 adbuie
902 514 1073 554 sceptrum
1096 510 1262 554 patientur
1284 508 1381 557 poti,
1403 518 1446 541 ex
1470 517 1538 552 quo
1565 508 1705 541 Merce-

238 582 296 606 rus
319 571 539 608 emendabat:

514 634 564 669 Tu
589 635 617 670 si
642 646 786 686 coluere,
810 635 911 671 credo
935 629 1070 670 avitum
1085 645 1133 669 sc.
1161 645 1197 680 p.
1221 646 1255 680 p.

330 698 485 737 Medion
520 698 575 734 Ut
597 699 637 734 si
662 698 857 743 honore3
883 698 926 734 ed
950 698 1088 745 .princ.:
1124 695 1205 732 Usi
1228 696 1432 741 bonore3
1458 693 1700 729 Leid.Bamb.:

203 767 210 773 '
237 760 314 797 Usi
344 773 495 811 onere.
1198 816 1200 818 Ι

331 824 386 860 19.
423 824 509 862 Non.
534 836 569 871 p.
592 823 658 859 98:
693 824 906 872 „dignen
941 823 1064 871 dignos
1089 828 1215 869 putem

260 955 262 957 -
291 921 293 923 ¹
329 926 436 980 Supra
471 944 591 969 versus
626 934 702 968 illos
736 939 806 968 tres
840 943 883 967 ex
919 930 1083 967 Cicerone
1106 932 1224 966 allatos
1257 932 1319 977 (de
1342 936 1425 966 orat.
1450 930 1495 973 3,
1519 929 1585 974 59)
1609 934 1703 964 recte

236 997 364 1033 Ilionae
386 1008 408 1032 a
429 997 526 1032 nobis
550 1007 627 1032 esse
650 997 816 1039 tributos,
850 994 1086 1040 comprobatur
1121 996 1223 1030 etiam
1246 994 1356 1030 Servii
1381 995 1415 1029 in
1436 994 1527 1042 Aen.
1553 994 1573 1028 7
1588 1020 1596 1035 ,
1620 991 1702 1028 320.

163 1070 165 1073 ’
198 1100 202 1104 ⁴
235 1053 333 1101 loco,
357 1062 451 1094 cuius
473 1059 559 1094 haec
581 1063 659 1093 sunt
681 1058 809 1094 verbaz
847 1056 1015 1096 „Cincin
1041 1058 1159 1103 regina
1182 1057 1319 1092 Hecuba
1341 1057 1408 1091 filia
1431 1057 1614 1092 seeundum
1626 1056 1701 1090 Eu-

235 1123 378 1169 ripidem
400 1121 438 1169 ⁴²)
463 1121 591 1163 Cissei,
616 1131 718 1168 quem
740 1120 889 1162 Ennius,
913 1119 1079 1154 Pacuvius
1103 1124 1138 1154 et
1160 1119 1319 1166 Virgilius
1343 1125 1558 1166 sequuntum

250 1184 253 1186 “
326 1184 483 1220 Ceterum
506 1184 597 1230 quod
621 1183 808 1218 Diiutzerus
832 1182 855 1220 Ι.
878 1182 900 1217 l.
925 1183 1072 1228 quinque
1095 1181 1173 1218 illos
1194 1193 1337 1226 versus,
1369 1193 1455 1229 quos
1475 1181 1600 1218 Cicero
1624 1193 1700 1217 ser-

235 1249 329 1284 vavit
351 1247 448 1285 Tusc.
478 1247 512 1289 1,
541 1245 605 1281 16:

372 1306 511 1346 ‘Adsum
536 1314 635 1355 atque
658 1308 803 1343 advenio
836 1309 1029 1344 Acherunte
1054 1311 1111 1343 vix
1134 1310 1189 1344 via
1213 1309 1279 1344 alta
1303 1314 1403 1355 atque
1427 1308 1544 1352 ardua,

373 1372 438 1407 Per
461 1371 637 1417 speluncas
661 1372 750 1406 saxis
773 1368 915 1406 structas
938 1373 1067 1417 asperis
1090 1372 1312 1418 pendentibus

371 1435 553 1477 maxumis,
578 1435 635 1469 ubi
658 1434 767 1481 rigida
790 1440 921 1469 constat
943 1436 1054 1471 crassa
1078 1435 1190 1481 caligo
1214 1435 1369 1477 inferum,

368 1495 476 1533 'Unde
499 1498 629 1532 animae
653 1497 839 1531 excitantur
864 1497 1005 1532 obscura
1030 1497 1165 1540 umbra,
1189 1502 1308 1543 aperto
1332 1498 1397 1532 ani-
1413 1498 1500 1532 ostio

367 1557 579 1596 ‘Acheruntis
601 1559 687 1595 falso
710 1560 854 1607 sangui,
878 1563 1085 1596 mortuorum
1113 1562 1294 1608 imaginem

230 1624 273 1659 ad
298 1628 444 1659 nostram
467 1623 613 1657 fabulam
637 1622 710 1657 vult
731 1623 923 1668 pertinere,
960 1624 1042 1659 mihi
1064 1635 1132 1659 non
1157 1624 1329 1670 probatur.
1374 1623 1581 1671 Quamquam
1612 1635 1696 1659 cou-

230 1687 349 1722 venire
373 1696 441 1721 non
464 1686 672 1733 negaverim,
696 1690 806 1721 tamen
818 1685 1007 1721 Ennianum
1031 1687 1166 1722 omnino
1190 1686 1348 1722 videntur
1370 1698 1491 1734 sapere
1514 1687 1697 1734 ingenium,

228 1749 401 1795 vulgoque
423 1749 550 1783 Ennius
559 1760 615 1783 ·ex
638 1748 809 1793 Euripidis
832 1749 992 1784 Hecubae
1016 1751 1183 1796 principio
1209 1752 1355 1786 vertisse
1379 1755 1527 1796 putatur.
1577 1750 1629 1787 cf.
1657 1750 1698 1786 G.

231 1811 415 1847 Hermann.
437 1811 482 1847 ad
505 1811 585 1847 Eur.
609 1811 690 1847 ileo.
712 1812 784 1857 init.

309 2007 561 2052 Extremum
590 2009 680 2065 est,
709 2009 756 2053 ut
783 2019 897 2065 quae
922 2007 1050 2052 fuerit
1077 2009 1214 2052 nostri
1241 2009 1399 2067 poetae
1425 2009 1472 2052 in
1495 2019 1696 2061 sermone

225 2078 425 2138 loquendi
454 2079 588 2138 ratio,
616 2092 727 2138 quae
749 2082 889 2125 minus
902 2082 1062 2124 usitata
1076 2080 1214 2124 verba
1234 2082 1530 2141 usurpaverit,
1557 2092 1696 2139 quae-

227 2164 312 2212 que
351 2152 407 2197 de
434 2155 733 2211 grammaticis
761 2152 989 2198 videantur
1015 2156 1165 2198 notatu
1193 2152 1329 2212 digna
1356 2155 1539 2199 strictim
1568 2153 1696 2198 dica-

224 2239 334 2271 mus.
400 2226 471 2271 De
520 2225 785 2283 etymologia
821 2227 953 2284 igitur
992 2228 1038 2270 ut
1071 2229 1196 2285 prius
1232 2226 1448 2285 dieamus,
1492 2227 1694 2272 notabilis

225 2310 334 2343 sane
376 2301 445 2343 est
478 2299 667 2344 Pacuvii
712 2301 758 2344 in
791 2297 1040 2343 derivandis
1082 2299 1233 2343 verbis
1272 2302 1399 2345 ratio.
1462 2300 1534 2345 Ac
1583 2298 1693 2343 sub-

225 2373 419 2424 stantiva
446 2370 618 2429 quidem
644 2371 778 2415 multa
806 2373 1083 2414 inveniuntur
1125 2374 1170 2415 in
1214 2372 1459 2418 fabularum
1501 2374 1692 2431 reliquiis

173 2496 176 2497 ⁷
224 2444 269 2486 in
295 2445 385 2489 tas
414 2445 457 2488 et
484 2442 614 2489 tudo
639 2445 865 2501 exeuntia,
894 2443 1046 2502 quibus
1076 2443 1147 2488 hic
1174 2446 1264 2491 illic
1291 2446 1503 2491 sermonis
1531 2448 1692 2503 gravi-

223 2516 294 2566 tas
331 2518 484 2561 mirum
523 2517 727 2575 quantum
763 2518 958 2575 augetur.
1022 2516 1096 2560 Ex
1138 2518 1294 2577 quibus
1335 2530 1446 2578 quae
1488 2521 1692 2566 notentur

224 2586 360 2645 digna
385 2591 486 2634 sunt
508 2590 610 2634 visa
633 2591 809 2658 praeter
830 2591 974 2635 cetera
1001 2587 1135 2635 haec:

270 2753 311 2800 *J
346 2753 462 2799 Eurip.
488 2754 568 2790 Hec.
596 2766 631 2792 v.
655 2754 690 2791 3.
