1824 3208
823 138 826 141 s
874 89 950 153 ³8

244 212 249 217 '
283 214 452 260 Eodem
480 213 630 258 nescio
653 222 716 257 an
744 214 804 257 sit
829 213 1104 259 referendum
1128 213 1261 260 illud:
1298 240 1300 242 -
1358 223 1361 224 ’
1408 227 1413 236 ’
1510 251 1512 253 r

200 283 279 333 1'2.
300 290 317 311 ·’
348 278 443 331 Gur
468 286 732 345 illaqueetur
756 282 862 331 hic?
890 286 1073 332 Mecum
1095 283 1326 332 altercas?
1353 292 1463 334 tace.

282 359 606 417 Polymestoris
628 358 730 418 quid
741 360 1146 417 agatur-nescientis
1160 358 1364 405 videntur
1375 374 1478 407 esse
1486 361 1645 407 verba:

178 431 282 477 ·13.
349 433 429 477 Ibo
457 432 517 477 ad
545 444 639 476 eam
659 434 706 476 ut
727 434 916 478 sciscam
938 431 1040 492 quid
1056 433 1176 476 velit.
1207 455 1259 483 s·-
1288 432 1463 478 Valvae
1477 437 1650 480 sonunt.

280 505 397 549 Iam<
424 508 471 550 in
517 506 696 550 Ilionam
734 504 890 550 incidit
929 507 1097 564 torvis,
1150 506 1350 564 quamvis
1386 508 1648 552 contrarium

166 577 346 624 studeat
375 578 600 635 simulare,
630 577 770 622 oculis
799 589 986 624 saevum
1016 579 1145 623 animi
1172 575 1510 637 exprimentibus
1538 590 1647 624 con-

168 653 326 698 silium.
382 652 508 696 Haec
526 652 652 698 enim
667 649 726 695 ad
755 663 851 696 eam
880 651 1198 710 Polymestoris
1225 652 1482 696 coniecerim
1509 651 1649 696 fuisse

168 726 330 770 verba:
540 735 545 742 ‘

180 795 277 839 14.
344 820 401 828 --
433 795 550 850 Quid
576 807 645 839 mc
672 795 822 839 obtutu
798 731 1012 851 Ιιόιτεε,
1042 796 1207 840 mulces
1234 790 1471 840 laudibus?

279 868 345 913 At
368 869 445 911 illa
473 867 704 912 nefandum
734 868 881 913 scelus
908 866 1024 925 quod
1050 868 1236 926 patrarit
1261 867 1550 926 pulcherrimo
1569 866 1645 911 illo

166 937 306 986 versu
333 942 506 985 obiicit:

198 1015 280 1060 15.
345 1012 599 1073 ‘Occidisti,
636 1016 685 1057 ut
712 1013 846 1056 multa
872 1012 1025 1070 paucis
1054 1012 1195 1057 verba
1223 1025 1362 1057 unose
1388 1013 1646 1057 obnuntiem.

281 1087 385 1132 Non
412 1087 507 1131 sine
535 1096 688 1145 pugna
714 1097 790 1128 res
816 1086 936 1129 intus
965 1086 1135 1144 agitur,
1163 1087 1213 1130 ut
1232 1097 1289 1129 ex
1306 1084 1518 1144 Polydori
1536 1096 1647 1128 nar-

165 1163 308 1205 rantis
337 1147 534 1216 sequitur
561 1158 713 1202 verb1s
741 1157 836 1202 his:

196 1229 276 1277 16.
346 1230 630 1290 Repugnanti
672 1240 759 1286 ego
799 1242 931 1288 porro
969 1228 1085 1273 hunc
1118 1230 1167 1273 vi
1200 1228 1373 1274 detraxi
1415 1229 1648 1287 ungulum3

165 1317 292 1362 quem
327 1316 454 1361 quum
496 1302 614 1345 dicat
635 1300 802 1345 'hunc
838 1303 1111 1344 monstrasse
1150 1303 1245 1345 sine
1272 1301 1402 1346 dubio
1430 1301 1647 1359 putandus

164 1379 235 1422 est
272 1377 475 1421 annulum
491 1407 504 1432 ,
544 1373 705 1431 credo,
749 1372 964 1432 Deiphili,
1007 1375 1056 1418 ut
1096 1375 1216 1418 esset
1241 1373 1450 1419 facinoris
1480 1375 1526 1419 in
1551 1386 1648 1419 eum

162 1450 381 1494 commissi
410 1447 720 1491 documentum.

273 1520 457 1579 Sumpto
486 1518 653 1563 demum
686 1517 741 1562 dc
768 1518 1074 1576 Polymestore
1087 1518 1302 1577 supplicio
1328 1518 1556 1578 probabile
1575 1520 1645 1562 cst

159 1597 355 1640 nuntium
396 1604 543 1636 eorum
583 1603 693 1648 quae
731 1592 826 1634 tore
867 1592 1091 1636 oraculum
1118 1591 1407 1648 responderat
1432 1592 1643 1635 malorum

157 1668 301 1712 fuisse
329 1660 530 1708 delatum.
568 1663 642 1707 Ac
668 1662 725 1706 de
753 1666 889 1708 morte
917 1663 1089 1723 quidem
1115 1664 1281 1710 Priami
1307 1665 1353 1707 in
1378 1663 1465 1708 hac
1492 1663 1643 1707 fabula

160 1740 343 1783 narrata
366 1750 467 1780 non
503 1736 660 1780 desunt
700 1735 873 1780 indicia.
928 1736 1126 1781 Primum
1166 1738 1276 1781 enim
1317 1736 1403 1781 huc
1440 1738 1643 1794 spectare

159 1814 265 1871 puto
295 1809 448 1855 Servii
475 1808 586 1852 duos
614 1809 739 1851 locos
768 1806 827 1850 ad
854 1807 980 1866 VIrg.
1008 1808 1121 1853 Aen.
1151 1808 1199 1867 2,
1229 1807 1345 1853 506.
1374 1810 1417 1852 et
1445 1807 1642 1868 2,1557.‚

161 1893 347 1942 quorum
386 1882 509 1940 prior
546 1882 611 1923 sic
645 1880 787 1923 habet.
860 1881 958 1938 „De
985 1884 1124 1925 morte
1151 1884 1293 1926 autem
1324 1881 1488 1925 Priami
1515 1883 1643 1925 varie

158 1956 315 2000 lectum
346 1956 427 1998 est.
483 1952 577 1996 Alii
607 1951 775 2009 dicunt,
804 1952 919 2010 quod
950 1966 977 1997 a
1006 1952 1227 2010 Pyrrho
1259 1956 1312 1996 in
1342 1953 1494 1997 domo
1523 1955 1642 2011 qui-

161 2027 279 2072 dem
315 2039 412 2071 sua
447 2027 653 2083 captus
689 2027 799 2082 cst,
847 2025 946 2069 sed
988 2025 1054 2069 ad
1089 2026 1356 2069 tumulum
1386 2025 1641 2071 Achillis

164 2102 390 2144 tractus
426 2100 768 2156 occisusque
803 2100 893 2142 est
931 2100 1094 2143 iuxta
1123 2097 1355 2157 Sigeum
1383 2112 1640 2159 promon-

160 2175 380 2216 torium:
409 2183 506 2214 nam
536 2174 582 2230 in
610 2170 830 2214 Rhoteo
858 2171 980 2213 Aiax
1008 2172 1204 2228 sepultus
1233 2173 1323 2215 est:
1363 2174 1492 2214 tunc
1521 2173 1640 2228 cius

160 2246 331 2302 caput
371 2245 543 2288 conto
589 2242 763 2286 fixum
817 2241 1074 2300 Pyrrhus
1128 2243 1478 2288 circumtulit.
1543 2242 1640 2287 Alii

158 2329 293 2373 vero,
335 2315 450 2374 quod
489 2318 613 2359 iuxta
641 2315 832 2359 Hcrcaei
863 2316 986 2359 iovis
1016 2326 1137 2358 aram
1166 2318 1381 2360 extinctus
1409 2316 1467 2359 sit
1494 2314 1640 2360 dicunt

156 2415 213 2423 —
240 2414 294 2421 —-
321 2414 367 2420 -
401 2391 445 2432 et
470 2388 583 2433 hanc
610 2389 854 2447 opinionem
883 2389 1013 2446 plane
1041 2390 1233 2448 sequItur
1260 2388 1509 2447 Vergilius,
1535 2389 1639 2434 licet

156 2465 284 2506 etiam
311 2462 429 2505 illam
459 2462 685 2520 praelibet,
720 2462 767 2503 ut
795 2474 878 2504 suo
906 2460 1196 2505 indicavimus
1223 2461 1364 2505 loco.“
1417 2461 1546 2505 Alter
1569 2465 1639 2506 est

159 2533 249 2578 hie:
279 2535 422 2591 „iacet
449 2536 607 2591 ingens
634 2533 760 2577 litore
789 2531 996 2593 truncus]
1024 2532 1139 2592 quod
1165 2535 1309 2577 autem
1329 2530 1432 2577 dicit
1459 2535 1648 2590 litore,

159 2605 289 2663 illud,
317 2610 365 2650 ut
391 2618 527 2664 supra
554 2605 768 2664 diximus,
797 2605 1001 2663 respicit,
1030 2605 1144 2664 quod
1171 2607 1223 2648 in
1250 2604 1489 2650 Pacuvii
1518 2609 1638 2650 tra-

155 2677 366 2736 goedia
392 2678 674 2723 continetur.“

204 2744 210 2751 ”
275 2748 520 2796 Secundum
561 2752 802 2795 Pacuvium
845 2751 979 2807 igitur
1019 2748 1208 2797 Servius
1246 2751 1307 2795 ait
1344 2752 1563 2798 Priamum
1604 2763 1634 2794 a
