1856 3107
1328 20 1338 45 4

895 105 964 153 49

198 228 598 289 averruncassere)
656 233 727 275 est
768 245 848 290 pro
891 231 1113 292 praesenti
1157 229 1233 274 vel
1275 229 1443 273 aorlsto
1486 238 1669 284 graeco:

199 303 347 345 cetera
373 302 553 361 perfecti
578 304 790 349 coniunct.
820 307 896 350 aut
922 304 1054 350 futuri
1080 302 1139 349 Π.
1166 301 1328 348 habent
1355 303 1469 359 vim,
1509 299 1670 344 viden-

198 374 269 417 tur
295 374 438 419 tamen
466 388 551 420 non
578 376 753 422 multum
785 391 814 423 a
840 378 1085 438 praesentis
1113 377 1325 422 coniunct.
1353 372 1671 460 significatione

196 444 414 492 recedere.

307 518 539 567 Secundae
571 535 688 581 pers.
721 524 836 581 sing.
872 523 983 583 perf.
1024 524 1271 569 terminatio
1306 523 1421 566 asti
1463 520 1668 565 Pacuvio

196 589 368 636 videtur
408 593 547 639 fuisse
573 596 813 654 usitatior,
859 597 899 639 si
941 594 1023 640 hoc
1060 606 1118 640 ex
1158 594 1360 653 reliquiis
1403 591 1670 637 concludere

193 662 314 709 licet:
351 667 630 712 consimiliter
665 667 778 712 dixit
814 669 1011 712 extinxti
1050 667 1182 712 Teuc.
1211 668 1259 711 5.
1297 669 1342 711 et
1381 664 1505 709 dixti
1542 664 1677 711 Med.

198 734 276 780 15.
320 761 375 769 -
417 737 571 783 Futuri
607 740 651 783 in
686 742 817 800 iam,
858 741 940 785 ies
968 742 1050 784 etc.
1093 740 1134 783 si
1175 740 1374 799 excipias
1410 737 1667 782 restibiliet

194 807 326 853 Teuc.
358 807 459 868 13„
494 814 541 855 in
577 825 662 869 quo
693 813 778 857 nisi
802 824 883 870 per
912 814 1053 856 iocum
1088 813 1260 871 poterat
1284 810 1566 855 restibilibit
1594 809 1667 853 ‹li-
1733 808 1735 812 “

192 892 318 938 cere,
344 880 462 939 quod
490 884 625 928 sciam
652 897 738 929 non
768 885 986 929 invenitur
1013 884 1279 944 exemplum:
1312 882 1554 943 expedibo
1583 894 1667 927 ex-

193 955 285 997 stat
312 953 409 999 bls:
436 954 584 1000 Perib.
613 955 696 1000 24.
722 955 844 1001 Atal.
871 956 928 1014 4,
956 957 1097 1016 quibo
1126 956 1227 1001 nul.
1245 954 1326 1001 34.
1354 955 1543 1014 [audibo
1554 955 1666 1000 dixit

193 1024 365 1071 Ennius
394 1025 559 1072 Telum.
587 1025 680 1087 3.).

304 1098 576 1149 ontestur
624 1099 734 1144 dixit
783 1100 1010 1144 Pacuvius
1062 1099 1225 1157 Chrys.
1265 1098 1375 1157 21.,
1424 1101 1474 1144 ut
1514 1101 1665 1144 Attius

193 1174 472 1230 queantur
499 1168 616 1233 (inc.
644 1168 759 1233 27.)
789 1174 833 1216 ct
861 1174 1051 1231 quitus
1077 1185 1194 1216 sum
1230 1167 1429 1233 [Troad.
1454 1169 1560 1233 2.),
1609 1173 1668 1216 il·-

195 1243 284 1288 lum
311 1256 474 1289 morem
504 1247 707 1302 secutus,
737 1258 822 1302 quo
850 1246 976 1288 etiam
1005 1245 1238 1302 posteriori
1266 1247 1410 1288 aetate
1436 1246 1668 1302 coeptus

191 1327 345 1375 esse,
373 1317 414 1362 sl
440 1316 499 1362 ad
526 1315 781 1361 infinitivum
809 1319 1040 1375 passivum
1067 1314 1327 1374 addebatur,
1365 1315 1567 1361 solebant
1595 1315 1669 1361 di-

189 1399 304 1433 cere.

301 1460 349 1506 A
375 1461 493 1506 fore
519 1462 658 1508 verbo
688 1463 717 1506 i.
745 1476 787 1522 q.
814 1461 970 1507 fuere
1006 1464 1181 1521 praeter
1206 1460 1322 1506 huuc
1347 1463 1491 1521 ipsum
1518 1461 1665 1507 inlitu-

189 1534 326 1579 tivum
350 1536 398 1579 et
423 1535 579 1593 quibus
605 1527 760 1594 postea
790 1536 919 1580 etiam
946 1536 1018 1580 usi
1046 1537 1147 1580 sunt
1171 1534 1325 1579 formis
1339 1533 1457 1592 apud
1469 1538 1663 1581 nostrum

190 1607 336 1651 exstat
368 1605 492 1651 fuat
528 1608 629 1653 Dul.
670 1607 773 1666 18.,
760 1620 772 1632 ·
809 1607 941 1653 fuas
976 1606 1086 1652 dixit
1122 1606 1283 1653 Livius
1317 1606 1578 1665 Hermiona,
1621 1611 1666 1652 et

190 1677 318 1723 fuat
343 1668 513 1724 Ennius
539 1679 667 1725 Hect.
694 1680 823 1725 Lust.
849 1680 899 1724 2.

302 1749 542 1797 Praeterea
570 1764 683 1811 quae
708 1754 908 1797 notentur
933 1751 1075 1796 verba
1101 1750 1305 1796 videntur
1329 1750 1470 1840 digua
1497 1751 1632 1796 baec:

358 1822 613 1942 ξίῗέἓὶοιὶιιῃι
649 1833 663 1943 ξ
696 1856 860 1919 Chrys.
892 1856 971 1903 14.

356 1969 509 2026 gliscit
537 1965 804 2027 (gaudium)
832 1965 978 2010 Perib.
999 1965 1053 2009 5.

357 2043 594 2087 certiscent
617 2037 781 2097 Chrys.
809 2035 892 2082 22.

359 2113 576 2157 mltiscere
602 2112 702 2157 Dul.
730 2109 812 2156 23.

357 2185 569 2232 fallscar-
595 2184 699 2230 ibid.
726 2182 809 2229 34.

356 2259 465 2318 lapit
492 2255 632 2319 (lapit
658 2268 735 2301 cor
763 2267 893 2313 cura,
923 2268 951 2299 a
979 2253 1154 2314 lapide)
1185 2254 1330 2299 Perib.
1364 2251 1440 2299 19.

359 2332 556 2378 nobilitat
582 2330 683 2375 Dul.
711 2328 758 2375 7.
852 2324 858 2327 χ
1515 2331 1517 2333 ’

358 2405 505 2450 incilet
533 2400 788 2465 (increpet)
816 2402 919 2449 ibid.
948 2401 1031 2447 28.

362 2477 560 2537 grandiri
589 2475 807 2539 [iruges]
835 2477 937 2522 ibid.
966 2476 1048 2521 23.

362 2553 546 2597 incertat
573 2549 676 2596 ibid.
704 2549 753 2595 3.

363 2624 507 2670 hostio
537 2623 668 2669 Teuc.
700 2623 779 2669 12.

361 2697 535 2757 clupeat
563 2694 735 2758 [tegit]
763 2696 912 2740 Herm.
945 2691 1023 2738 16.

298 2775 300 2778 ’
362 2770 588 2829 populavit
616 2765 899 2831 [popularem
928 2762 1148 2826 reddidit)
1179 2764 1282 2810 Chr.
1316 2764 1394 2809 13.

1235 2855 1275 2900 4
