1824 3208
915 74 985 118 20

322 193 416 240 Sed
444 193 616 239 Zethus
644 206 672 238 a
699 197 917 253 sapientia
946 199 989 240 et
1017 194 1216 240 doctriua
1244 210 1330 240 non
1358 199 1497 242 minus
1521 197 1688 242 abhor-

207 271 276 313 ret
305 280 430 327 quam
460 280 488 311 a
515 268 696 312 musica.
757 266 914 314 Cicero
943 269 999 314 de
1027 271 1137 314 orat.
1167 272 1203 315 2
1222 302 1234 326 ,
1263 270 1371 315 37.:
1400 271 1586 330 „Miror‚
1615 273 1688 315 in-

209 343 325 400 quit,
353 352 432 384 cur
458 338 765 400 philosophiae
792 345 905 387 siout
933 342 1104 388 Zethus
1132 342 1206 386 ille
1238 342 1524 389 Pacuvianus
1552 356 1687 404 prope

211 413 367 457 bellum
402 411 644 458 indixeris“
654 426 667 470 3
697 417 740 458 et
769 414 825 458 de
854 425 946 474 rep.
981 413 1138 474 1,18.:
1168 415 1345 474 „Atque
1361 415 1476 460 idem
1500 417 1688 461 Zethum

208 486 327 529 illum
357 486 661 530 Pacuvianum
689 489 816 532 nimis
844 489 1058 532 inimicum
1087 487 1312 531 doctrinae
1339 500 1440 531 esse
1463 488 1689 546 dicebat“;

211 560 254 601 et
294 558 381 602 Dio
421 561 529 603 orat.
558 557 639 602 ³73.
679 562 788 603 extr.
830 559 896 609 ὥς
928 558 1096 609 ἐκεῖνος
1131 562 1316 618 (Ζῆθος)
1349 558 1576 606 ἐνουθέτει
1607 560 1686 607 τὸν

214 629 449 687 ἀδελφὸν,
500 626 584 675 οὐκ
627 628 773 689 ἀξιῶν
825 633 1112 690 φιλοσοφεῖν
1143 629 1283 677 αὐτὸν
1316 628 1422 677 οὐδὲ
1451 632 1550 694 περὶ
1578 651 1688 697 μουτ

215 702 347 766 σικὴν
402 704 673 767 διατρίβειν,
739 703 938 752 ἐάσαντα
978 706 1060 768 τὴν
1101 710 1194 752 τῶν
1250 707 1370 752 ἰδίων
1414 705 1686 769 ἐπιμέλειαν,

214 777 306 838 ἔφη
349 777 394 822 δὲ
429 773 571 823 αὐτὸν
619 777 796 825 ἄτοπόν
831 798 932 825 τινα
963 779 1039 824 καὶ
1082 777 1361 842 ἀσύμφορον
1392 782 1571 843 μοῦσαν
1605 784 1686 829 εἰς-

218 867 358 910 αγειν.

323 925 397 970 Ex
424 925 683 984 fragmentis
713 925 797 969 huc
824 924 1028 969 videntur
1050 937 1151 969 esse
1178 925 1409 970 referenda
1438 925 1568 976 haee:

184 1010 186 1012 ’
269 995 316 1043 6.
411 997 480 1042 'Pu
508 999 798 1043 carnifrontes
829 1000 1011 1057 pascere
1040 1000 1258 1042 armentas
1287 999 1405 1043 soles
1417 1011 1431 1054 ;

271 1070 318 1116 7.
412 1071 538 1115 Loca
564 1069 745 1115 horrida
773 1071 926 1114 initas:

213 1157 326 1203 quae
355 1143 616 1202 Amphionis
644 1143 701 1186 ad
730 1142 921 1187 Zethum
951 1143 1124 1210 fuerintx
1138 1145 1299 1201 verba,
1326 1147 1370 1188 et

272 1216 320 1262 8.
414 1241 472 1248 —
501 1240 550 1247 —
583 1240 638 1248 —
667 1213 750 1261 Sol
782 1217 821 1259 si
850 1218 1003 1274 pertuo
1033 1218 1117 1260 siet
1203 1259 1210 1262 .

401 1289 619 1333 Flammeo
647 1293 814 1346 vapore
840 1291 1012 1332 torrens
1040 1289 1185 1333 terrae
1213 1289 1372 1333 foetum
1402 1293 1635 1347 exusserit,

395 1360 526 1404 Nocti
547 1363 593 1403 ni
607 1361 884 1416 interveniat,
915 1360 1083 1404 fructus
1101 1361 1184 1418 per
1195 1364 1391 1420 pruinam
1410 1361 1689 1421 obriguerint,

212 1437 368 1496 quibus
407 1434 539 1479 animi
566 1432 795 1477 relaxandi
823 1445 963 1477 causa
991 1445 1092 1477 esse
1119 1435 1310 1478 musicae
1337 1434 1549 1478 interdum
1577 1448 1690 1493 ope-

212 1521 308 1553 ram
336 1506 526 1551 dandam
554 1504 713 1548 dlxerit
741 1505 973 1563 Amphion.

325 1579 415 1623 Iam
461 1561 640 1637 penitus
688 1576 772 1621 hac
819 1580 989 1622 ratione
1036 1577 1190 1636 quales
1227 1578 1315 1621 sint
1352 1580 1540 1636 cognitis
1578 1579 1691 1625 ado-

216 1652 481 1698 lescentibus
497 1682 510 1708 ,
548 1664 649 1694 mox
679 1652 858 1694 mairem
889 1651 1228 1708 temperaturis,
1259 1651 1390 1695 Dirce
1417 1664 1496 1710 per
1525 1652 1692 1698 bacha-

213 1729 395 1784 tionem,
446 1726 495 1774 ut
543 1723 755 1783 Hyginus
797 1722 923 1783 dicit,
968 1723 1116 1768 Liberi
1155 1726 1384 1769 comitante
1422 1725 1689 1771 Maenadum

212 1800 342 1844 turba
369 1800 412 1841 in
440 1797 554 1840 hunc
581 1797 722 1841 locum
752 1798 820 1839 est
846 1795 1013 1852 delata,
1042 1807 1071 1838 a
1099 1811 1185 1854 quo
1214 1798 1409 1855 Antiopa
1432 1798 1617 1842 nondum
1639 1810 1690 1843 se

212 1872 457 1932 receperat.
501 1902 506 1907 .
534 1866 671 1913 Cuius
716 1868 774 1913 ad
826 1870 1007 1913 comites
1046 1869 1207 1913 furore·
1234 1872 1463 1929 correptae
1499 1873 1689 1929 imperiis

213 1946 442 2003 aptissime
469 1942 717 1997 congruunt
743 1952 925 1997 versus,
955 1954 1066 1997 quos
1094 1940 1281 1985 Pacuvii
1309 1954 1411 1986 esse
1439 1942 1689 1987 Victorinus

215 2016 318 2062 dicit
346 2014 501 2061 fabula
528 2027 615 2059 non
645 2014 913 2058 nominata:-

212 2119 220 2123 -
270 2085 318 2132 9.
382 2088 523 2145 Agite
549 2089 692 2146 rapite
721 2087 890 2130 volvite
917 2086 1029 2130 ferte
1057 2098 1196 2144 coma,

383 2160 590 2207 'tractate
617 2172 698 2220 per
725 2171 886 2220 aspera
914 2161 1027 2205 saxa
1055 2161 1098 2205 et
1125 2158 1295 2205 humum

384 2233 582 2280 Scindite
609 2234 778 2277 vestem
807 2229 949 2277 ocius!
1162 2245 1165 2248 ’

215 2306 387 2363 Quibus
416 2305 526 2349 bene
553 2305 825 2365 adiungitur:

384 2402 771 2411 —————
800 2378 1021 2423 cervicum
1103 2426 1108 2431 ,

379 2451 568 2496 Floreos
597 2450 837 2509 disperdite
867 2454 1023 2496 crines.

321 2523 522 2582 Antiopa
548 2523 686 2580 igitur
714 2522 953 2568 abducitur.
992 2521 1085 2568 Sed
1113 2524 1268 2581 pastor
1294 2520 1505 2566 educator
1531 2534 1587 2567 ex
1611 2524 1686 2592 iis,

210 2608 322 2656 quae
361 2599 492 2641 antea
528 2594 702 2640 dixerat
739 2595 953 2655 Antiopa,
997 2607 1254 2653 persuasum
1292 2596 1376 2638 iam
1413 2594 1544 2640 habet
1572 2594 1685 2640 ado-

210 2669 464 2714 lescentium
502 2680 598 2713 eam
636 2679 739 2713 esse
774 2670 965 2712 matrem.
1024 2665 1190 2712 Tantus
1234 2668 1413 2714 veroin
1443 2679 1520 2714 eos
1548 2679 1685 2724 amor,

208 2746 256 2789 ut
293 2745 380 2788 tum
418 2741 587 2787 demum
635 2742 774 2798 patris
812 2741 968 2787 nomini
997 2742 1139 2798 possit
1166 2743 1433 2801 renuntiare,
1469 2754 1598 2800 quum
1626 2738 1684 2784 ad
