1824 3208
890 78 958 123 12

189 200 380 249 Graccis
408 203 618 260 exemplis
644 204 760 247 ratio
785 204 1122 260 institutumque,
1149 215 1264 259 quae
1291 203 1476 261 denique
1491 204 1534 246 in
1554 213 1662 246 sen-

187 276 335 319 tentiis
372 276 445 319 vis
483 276 526 317 et
561 275 765 331 gravitas
808 276 853 319 et
878 278 927 320 in
953 275 1104 320 verbis
1132 274 1379 334 elegantia,
1419 276 1506 320 iam
1533 273 1662 319 dein-

189 359 297 407 ceps
332 346 681 403 cognoscendum
720 350 799 392 est.
871 348 923 391 In
960 361 1047 406 qua
1083 345 1250 405 quidem
1279 359 1330 390 re
1354 346 1472 392 haud
1500 352 1664 406 exigua

189 420 441 464 laboramus
470 418 730 464 difficultate.
765 420 940 465 Etenim
968 434 1096 480 quum
1123 418 1290 463 difficile
1317 420 1387 463 est
1414 419 1471 464 de
1497 421 1664 466 alienae

190 494 351 549 antiqui
379 494 588 550 temporis
616 495 801 537 nationis
828 496 1022 552 scriptis,
1050 506 1160 553 quae
1187 496 1360 549 integra
1389 492 1447 535 ad
1471 497 1662 538 nostram

189 569 484 623 pervenerunt
505 568 702 623 aetatem,
719 568 833 610 iuste
859 555 1074 611 iudicare:
1101 569 1190 611 tum
1217 566 1361 622 magis
1387 562 1550 609 iudicio
1579 579 1666 610 no-

189 641 282 681 stro
312 637 503 682 diffidere
531 640 701 696 oportet
728 641 772 682 in
802 639 1085 684 aestimandis
1111 641 1168 683 iis
1196 637 1508 697 scrIptoribus,
1548 650 1666 695 quo-

188 723 281 755 rum
313 712 475 769 scripta
503 713 678 769 practer
702 723 846 771 pauca
874 711 1120 770 fragmenta
1149 710 1375 770 deperdita
1392 712 1492 755 sunt
1509 713 1665 756 omnia.

192 783 341 837 Quare
368 784 413 826 id
440 786 484 825 in
511 787 665 841 primis
697 788 943 842 spectemus
973 786 1169 843 oportet,
1210 786 1386 827 veteres
1413 785 1524 842 ipsi,
1553 797 1667 840 quo-

190 870 286 900 rum
323 860 466 914 aptum
505 855 564 898 ad
600 855 875 900 iudicandum
903 858 1145 913 ingenium,
1181 854 1418 914 iudiciique
1445 855 1666 900 subtilita-

191 931 275 971 tem
317 930 677 984 cognoverImus,
719 929 822 986 quid
862 931 1079 972 senserint
1108 927 1164 971 de
1192 930 1343 970 nostro
1372 931 1530 985 poeta3
1575 930 1666 972 tum

192 1012 301 1043 vero
339 1001 379 1043 si
410 1012 523 1058 quae
551 1003 651 1045 sunt
686 1000 895 1045 diversae
922 1001 997 1045 vel
1042 1001 1287 1045 contrariae
1324 1002 1663 1061 aestimationes,

193 1086 250 1117 ex
277 1085 364 1132 qua
390 1074 508 1118 fonte
535 1074 739 1119 fluxerint
757 1073 914 1119 videre
936 1086 1109 1133 quaque
1122 1075 1289 1118 ratione
1301 1074 1413 1121 inter
1431 1086 1481 1118 se
1495 1073 1666 1133 possint

193 1147 430 1191 conciliari.

306 1219 532 1263 Pacuvius
560 1222 697 1278 igitur
724 1234 810 1265 non
837 1220 980 1264 solum
1011 1234 1093 1264 suo
1121 1223 1314 1278 tempore
1341 1230 1368 1261 a
1387 1219 1669 1263 nobilissimis

195 1293 331 1349 viris,
359 1290 439 1334 sed
469 1292 596 1334 etiam
626 1292 683 1335 ab
712 1292 910 1336 omnibus
938 1293 1032 1336 tere
1060 1293 1132 1349 qui
1164 1294 1257 1336 tota
1286 1292 1538 1348 antiquitate
1569 1291 1669 1335 fue-

193 1365 293 1406 runt
321 1364 433 1406 viris
458 1362 599 1407 doctis
626 1364 799 1423 plurimi
829 1365 897 1407 est
924 1364 1210 1409 existimatus.
1250 1361 1522 1420 Ciceronem,
1552 1363 1669 1407 Asi-

194 1438 310 1479 nium
344 1435 585 1479 Pollionem
598 1468 610 1492 ,
649 1438 821 1480 ceteros
858 1436 976 1481 illius
1017 1437 1176 1479 aetatis
1218 1436 1457 1493 scriptores
1486 1435 1669 1479 libenter

194 1508 385 1553 Pacuvii
411 1510 461 1552 ut
487 1510 726 1553 ceterorum
746 1508 941 1553 eiusdem
957 1510 1059 1552 aevi
1071 1510 1294 1566 poetarum
1315 1519 1475 1551 versus
1489 1509 1670 1567 scriptis

197 1583 292 1626 suis
329 1583 525 1626 inserere
569 1585 856 1628 consuevisse
894 1592 1086 1625 summae
1124 1594 1210 1624 non
1249 1580 1502 1624 eruditionis
1543 1579 1672 1624 modo

195 1653 345 1710 gratia
386 1651 468 1696 sed
509 1653 641 1695 etiam
677 1655 920 1698 venustatis
949 1654 1075 1697 testis
1102 1655 1172 1697 est
1210 1650 1500 1706 Quintilianus
1542 1652 1672 1711 (inst.

198 1739 262 1769 or.
293 1723 382 1782 10,
414 1725 458 1769 1.
486 1722 578 1784 8.).
634 1726 833 1770 Fabulae
868 1729 963 1770 elus
992 1738 1120 1783 quam
1152 1737 1288 1783 saepe
1314 1727 1509 1784 tempore
1537 1725 1671 1771 Cice-

197 1799 319 1842 ronis
350 1799 610 1855 agerentur,
639 1801 738 1856 ipse
765 1799 910 1842 multis
939 1798 1052 1842 locis
1081 1811 1167 1841 non
1195 1797 1381 1842 obscure
1402 1798 1588 1858 indicat,
1617 1800 1673 1844 cf.

199 1869 257 1914 de
282 1868 427 1914 Acad.
456 1868 505 1925 2,
533 1868 603 1926 7.;
631 1869 744 1913 Phil.
772 1869 816 1926 1,
834 1870 937 1927 15.;
971 1869 1029 1912 ad
1048 1869 1142 1913 Att.
1161 1869 1211 1926 4,
1231 1868 1334 1926 15.;
1363 1869 1419 1912 ad
1431 1869 1522 1914 div.
1534 1868 1674 1927 9‚16.

314 1941 430 1995 Quin
457 1944 585 1984 immo
613 1944 660 1984 in
689 1945 874 1985 omnium
903 1954 980 1984 ore
1013 1941 1151 1984 fuisse
1180 1953 1256 1984 eas
1286 1928 1488 1985 coniici'at
1516 1944 1674 2001 aliquis

201 2028 257 2059 ex
301 2013 538 2067 Suetonio,
576 2016 649 2071 qui
688 2015 733 2057 in
771 2015 863 2057 vita
906 2011 1115 2057 Caesaris
1142 2010 1225 2057 84.
1253 2014 1364 2057 inter
1390 2013 1516 2058 ludos
1544 2015 1674 2060 fune-

201 2088 305 2131 bres
334 2087 523 2145 „collata
550 2098 654 2131 esse
681 2088 744 2130 ait
772 2085 981 2145 quaedam
998 2085 1055 2129 ad
1069 2087 1382 2131 miserationem
1404 2089 1448 2130 et
1466 2087 1674 2133 invidiam

202 2162 321 2216 eius,
363 2159 688 2203 accommodata
730 2148 786 2203 ei<
821 2159 1011 2203 Pacuvii
1049 2160 1280 2203 Armorum
1316 2159 1499 2205 iudicio:
1552 2161 1674 2205 Men’

203 2244 274 2278 me
300 2244 535 2290 servasse,
563 2234 612 2276 ut
638 2233 788 2276 essent
814 2233 887 2289 qui
915 2244 983 2276 me
1011 2227 1308 2291 perderent2“

316 2304 394 2348 Ad
432 2304 576 2347 stilum
616 2304 803 2348 Pacuvii
834 2305 977 2361 qualis
1004 2304 1134 2347 merit
1160 2303 1511 2361 cognoscendum
1536 2304 1676 2362 pluri-

203 2390 314 2422 mum
369 2376 493 2420 valet
539 2374 605 2419 M.
647 2376 859 2420 Varronis
901 2375 1125 2433 iudicium,
1172 2388 1296 2434 quem
1334 2378 1493 2435 optime
1532 2375 1589 2420 de
1625 2389 1675 2422 re

207 2452 383 2493 scenica
423 2446 540 2506 apud
581 2449 756 2491 veteres
793 2460 895 2492 esse
932 2450 1128 2492 meritum
1166 2450 1279 2492 inter
1315 2459 1465 2493 omnes
1493 2450 1676 2492 constat.

206 2521 294 2564 Hic
319 2522 453 2578 igitur
478 2529 668 2577 magnus
696 2520 875 2564 criticus
906 2518 1026 2578 apud
1056 2518 1242 2565 Gellium
1267 2517 1358 2581 (³7,
1390 2517 1499 2579 14.)
1527 2519 1676 2566 Pacu-

207 2594 327 2637 vium
366 2606 543 2650 „verum
586 2595 629 2637 et
656 2596 876 2651 proprium
906 2592 1146 2649 exemplum
1173 2590 1414 2637 ubertatis“
1442 2604 1543 2638 esse
1570 2592 1677 2637 dicit

208 2677 388 2721 eumque
426 2667 581 2708 ceteris
620 2664 945 2721 tragoediarum
973 2665 1259 2722 scriptoribus
1287 2663 1465 2708 videtur.
1487 2676 1677 2723 praepo-

205 2740 365 2782 suisse.
417 2735 557 2779 ,Uberi
588 2736 685 2781 huic
712 2736 884 2780 dicendi
912 2739 1062 2794 generi
1093 2736 1344 2793 dignitatem
1373 2740 1499 2795 atque
1519 2734 1677 2792 ampli-
