1856 3107
914 80 980 126 21

215 215 376 260 certam
412 207 590 252 mortem
628 205 751 251 videt
777 205 935 267 adripi
946 206 1139 250 matrem.
1197 204 1312 250 {linc
1339 203 1416 249 ille
1442 202 1502 248 ad
1528 204 1683 250 mulie-

215 299 306 331 rum
333 280 522 326 narbam:

272 353 350 400 10.
414 352 571 398 Nonne
598 353 697 399 hinc
725 368 811 399 vos
838 318 1024 412 propere
1051 352 1238 397 stabufis
1266 346 1534 397 amolimini?

213 427 439 475 Silentium
467 429 649 472 excusat
677 426 760 471 hoc
788 425 1029 485 Euripiden
1058 426 1305 483 fragmento
1334 423 1503 482 (40.;]

379 497 554 561 κόσμος
586 499 632 543 δὲ
662 501 794 558 σιγῆς
825 499 1059 556 στέφανος
1089 495 1255 559 ἀνδρὸς
1286 491 1340 541 οὗ
1376 496 1539 541 κακοῦ·

379 570 433 617 τὸ
466 572 500 617 δ’
533 571 761 617 ἑκλαλοῢν
792 567 894 617 οὗθ’
924 570 1087 632 ἡδονῆς
1116 570 1198 633 μὲν
1230 567 1445 621 ἅπτεται,

379 643 519 690 κακὸν
553 644 587 690 δ’
620 644 832 707 ὁμίλημ’,
866 644 1056 694 ἀσθενὲς
1086 644 1134 688 δὲ
1163 642 1238 688 καὶ
1269 640 1419 688 πόλει.

212 715 377 762 Similis
405 720 700 764 excusationis
729 717 901 762 videtur
928 731 1029 762 esse
1057 718 1222 762 initium
1248 716 1322 761 hic
1349 728 1536 761 versus:

269 788 347 834 11.
418 790 512 836 Sed
541 805 666 849 quum
697 793 881 834 animum
895 790 1061 834 attendi
1082 789 1141 833 ad
1155 788 1445 848 quaerendum
1460 784 1565 846 quid
1585 785 1683 828 siet.

293 863 395 906 Filii
407 863 775 921 igitur„celeriter
788 865 965 909 matrem
978 864 1198 907 consecuti
1208 866 1270 906 eri
1272 860 1484 921 puerunt“
1500 860 1545 903 et
1567 854 1684 916 quod

210 937 338 978 atrox
376 936 634 995 supplicium
669 936 802 980 Dirce
830 933 997 993 (schol.
1024 934 1082 979 ad
1112 934 1274 979 Phoen.
1307 932 1444 979 wa:
1486 929 1680 992 ὕστερον

212 1005 259 1050 δὲ
299 1008 554 1068 παρέδωκεν
598 1004 761 1056 αὐτοῖς
781 1005 880 1066 ’τὴν
910 1005 1150 1066 Ἀντιόπην
1185 1005 1255 1051 ἐπὶ
1287 1010 1358 1064 τῷ
1391 1005 1466 1051 διὰ
1494 1000 1677 1066 ταύρων

213 1078 490 1140 διασπάσαι)
533 1081 590 1125 de
637 1080 832 1139 Antiopa
881 1081 1103 1137 sumptura
1139 1082 1255 1138 erat,
1304 1079 1418 1125 idem
1456 1081 1501 1124 in
1539 1079 1680 1137 ipsam

208 1155 352 1197 statim
380 1154 590 1197 deferunt.

243 1226 245 1228 ’
319 1225 569 1270 Redeuntes
598 1225 756 1270 salvos
785 1235 886 1269 esse
914 1224 1033 1269 iubet
1059 1224 1172 1269 filios
1199 1224 1421 1284 Antiopa:

267 1296 346 1342 12.
414 1297 622 1356 salvete,
650 1298 835 1355 gemini,
864 1298 962 1341 mea
988 1308 1211 1356 propages
1239 1298 1490 1355 sanguinis!

317 1370 668 1416 Deliberantibus
714 1368 927 1427 quomodo
977 1382 1005 1413 a
1051 1369 1177 1428 Lyco
1215 1381 1380 1428 poenas
1418 1369 1677 1430 repeterent,

209 1443 459 1488 Mercurius
506 1443 739 1502 apparuit,
777 1444 848 1499 qui
893 1444 1033 1486 vetuit
1072 1442 1120 1486 id
1156 1442 1262 1486 fieri.
1331 1442 1408 1487 Ad
1446 1441 1553 1486 illud
1589 1452 1673 1484 au-

207 1518 291 1559 tem
343 1514 459 1573 quod
506 1515 674 1572 Lycum
732 1515 860 1557 iussit
905 1525 1087 1571 regnum
1134 1513 1374 1558 concedere
1430 1512 1679 1573 Amphioni,

207 1586 429 1633 commode
462 1588 625 1631 monuit
660 1585 932 1631 Matthiaeus
970 1585 1058 1644 (ad
1087 1586 1195 1631 Eur.
1222 1587 1379 1644 fragm.
1408 1583 1520 1646 19.)
1548 1585 1678 1630 haec:

209 1660 420 1721 „Videtur
456 1661 596 1704 autem
633 1657 869 1718 Euripides
909 1658 991 1703 sub
1030 1658 1163 1703 Zethi
1189 1672 1382 1720 persona
1411 1659 1563 1704 durum
1592 1658 1680 1704 ali-

209 1739 334 1794 quem
370 1735 573 1791 antiquae
612 1746 775 1777 morum
809 1734 1036 1776 severitati
1077 1734 1120 1777 et
1158 1734 1422 1792 simplicitati
1459 1734 1679 1778 assuetum

209 1810 349 1852 civem
378 1806 595 1865 Atticum,
630 1818 757 1849 unum
785 1817 810 1849 e
839 1803 1296 1868 Μαραθωνομάχαις
1322 1807 1412 1852 illis
1440 1805 1680 1864 induxisse,

209 1881 293 1925 sub
322 1878 582 1937 Amphionis
610 1881 750 1922 autem
779 1890 969 1936 persona
996 1878 1209 1925 hominem
1236 1880 1506 1938 elegantiore
1523 1890 1680 1923 recen-

209 1954 361 1996 tiorum
389 1953 697 2008 magistrorum
724 1950 1096 2010 acssophistarum
1117 1951 1351 2011 disciplina
1364 1966 1490 1996 usum
1508 1954 1552 1995 et
1565 1950 1678 1994 hanc

210 2025 506 2083 disciplinam,
546 2036 676 2082 quam
712 2023 835 2068 multi
871 2026 1077 2082 tanquam
1113 2026 1282 2069 mollem
1321 2027 1366 2069 et
1391 2024 1678 2069 effeminatam

211 2098 455 2155 agitarent,
494 2097 544 2140 ut
582 2094 905 2154 Aristophanes
931 2099 978 2140 in
1005 2096 1229 2156 Nubibus,
1272 2096 1415 2143 iudice
1442 2096 1680 2154 Silvernio,

210 2172 306 2229 ipse
333 2168 415 2214 hoc
444 2168 640 2228 exemplo
668 2168 980 2215 defendendam
1010 2169 1308 2230 suscepisse.“

848 2356 1040 2393 Notae.

310 2437 338 2470 ¹.
376 2436 427 2478 Qu
431 2435 745 2479 odcui,m0rello
779 2446 842 2482 pro
879 2436 1015 2483 vulgato
1048 2436 1144 2471 Atti
1136 2437 1196 2472 ici
1236 2439 1357 2485 scripsi
1391 2437 1451 2474 As
1461 2439 1497 2472 ti
1510 2438 1550 2472 ci
1584 2438 1606 2471 i.
1643 2448 1677 2473 e.

214 2496 510 2542 ἔστεοςίιιοοΙιιε,
534 2499 747 2534 σηιιιιιιοίίιιιι
769 2499 868 2533 iilos
870 2498 980 2533 eiohol
981 2499 1170 2544 ,aquodu
1149 2511 1233 2546 urap
1214 2502 1334 2535 adiri.
1363 2499 1538 2535 cremasti
1539 2499 1667 2534 ieindw

213 2561 264 2596 Νι
268 2566 313 2597 n.t
339 2561 423 2597 liter.
448 2563 498 2598 Go
500 2564 557 2599 ttin
537 2574 595 2610 ng
620 2560 722 2600 184⁷.
747 2573 778 2608 p
809 2560 1106 2597 145.We1ken
1132 2562 1305 2599 Bacchi
1317 2565 1359 2599 ci
1393 2562 1500 2597 miuus
1532 2562 1679 2608 placent.

214 2625 298 2658 v.4.
332 2624 385 2659 Ab
410 2625 483 2660 aliis
507 2625 604 2660 alirte
587 2624 759 2671 rlegitur.
806 2625 906 2660 Vousi
908 2635 967 2659 us.
991 2641 1036 2648 —
1061 2624 1095 2658 di
1098 2627 1166 2661 cito
1189 2626 1297 2661 aebD
1298 2626 1379 2660 oda
1361 2630 1447 2667 atur,
1472 2625 1576 2661 diicto
1596 2627 1680 2661 haec

213 2688 273 2723 abs
297 2692 331 2723 te
354 2686 474 2729 datur,
507 2689 610 2724 dictio
644 2687 705 2723 abs
728 2692 798 2724 teta
821 2688 940 2732 datum
975 2693 1010 2723 et
1033 2698 1066 2724 v.
1093 2689 1136 2724 5:
1172 2688 1265 2730 Quae
1297 2694 1519 2725 consecutura
1545 2692 1681 2737 sapiens

213 2763 316 2799 aegre
339 2752 497 2795 consulit,
522 2753 576 2788 vel
600 2753 732 2799 potius,
770 2763 875 2800 aegre
904 2753 1041 2789 contuit.
1092 2753 1136 2788 Η,
1160 2751 1293 2788 Grotius
1317 2753 1408 2799 apud
1433 2753 1540 2789 Hoim.
1565 2754 1684 2790 l‘eerl-
