1856 3107
701 45 785 63 “V-..

914 86 983 133 35

210 223 349 265 torum
390 215 508 259 dicta
543 226 629 257 non
666 212 934 270 repudiavit,
973 212 1329 272 Deiphilumque‚
1367 210 1500 255 filium
1541 223 1677 269 suum,

209 287 457 348 imprudens
485 285 665 343 occidit,
696 278 928 344 arbitrans,
946 298 1007 338 :se
1031 284 1317 345 Polydorum,
1345 284 1510 330 Priami
1531 281 1678 338 tilium,

207 359 495 409 interfecisse..
545 357 800 417 Polydorus
837 359 980 404 autem
1016 357 1075 402 ad
1111 358 1329 402 oraculum
1367 356 1593 416 Apollinis
1622 352 1680 398 de

153 469 158 475 .
207 431 458 491 parentibus
496 433 589 477 suis
626 432 890 477 sciscitatum
926 433 995 477 est
1028 431 1278 490 profectus,
1320 431 1391 474 cui
1415 441 1678 488 responsum

208 506 298 560 est,
327 507 508 561 patriam
535 506 778 560 incensam,
805 506 972 563 patrem
1000 506 1219 561 occisum,
1247 504 1425 547 matrem
1452 503 1510 546 in>
1525 501 1678 546 servi-

196 578 297 620 -tute
323 578 472 621 teneri.
517 576 658 632 Quum
684 575 787 620 inde
812 576 995 634 rediret,
1021 578 1070 621 ut
1094 575 1210 621 vidit
1236 576 1365 621 aliter
1391 586 1492 619 esse
1520 585 1575 619 ae
1590 574 1678 619 sibi

204 660 463 714 responsum
490 650 593 706 fuit,
622 647 841 707 (putans)
872 661 923 693 se
950 648 1268 707 Polymestoris
1296 659 1399 692 esse
1426 646 1582 704 filium,
1618 646 1677 690 ab

186 731 356 764 'sorore
394 721 533 783 Iliona
568 722 817 778 inquisivit,
856 720 958 778 quid
993 716 1054 764 ita
1092 722 1221 765 aliter
1256 723 1402 764 sortes
1445 718 1677 762 dixissent.

189 783 289 841 {Cui
314 805 466 850 soror,
494 792 597 851 quid
624 793 721 837 veri
748 795 894 850 esset,
920 793 1148 852 patefecit,
1175 794 1218 836 et
1248 794 1342 836 eius
1369 791 1554 836 consilio
1581 789 1680 835 Po-

202 864 480 922 lymestorem
505 866 735 916 luminibus
763 867 958 923 privavit
983 868 1113 924 atque
1138 862 1393 910 interfecit.“

317 933 422 980 Cum
462 949 547 995 qua
589 938 712 982 brevi
747 938 918 996 Hygini
944 938 1216 996 expositione
1243 939 1285 982 si
1311 937 1521 995 reliquias
1550 947 1677 984 come-

189 1019 431 1066 vparamus,
458 1011 645 1067 speciem
674 1009 858 1067 quodam
879 1009 1014 1054 modo
1044 1012 1088 1053 et
1114 1010 1294 1063 formam
1315 1009 1492 1053 fabulae
1507 1021 1677 1066 possu-

202 1093 298 1124 mus
336 1080 607 1126 adumbrare.
662 1081 811 1139 Atque
847 1083 891 1125 in
929 1093 1066 1126 scena
1102 1080 1271 1138 quidem
1309 1083 1409 1125 aeta
1443 1093 1531 1125 non
1573 1092 1676 1124 esse

203 1147 288 1212 nisi
328 1148 403 1191 illa
441 1164 553 1208 quae
589 1156 826 1212 sequuntur
864 1152 963 1197 inde
990 1164 1019 1195 a
1046 1153 1197 1197 verbis
1226 1151 1507 1211 „Polydorus
1536 1154 1678 1196 autem

203 1217 261 1261 ad
306 1223 526 1269 oraculum
565 1227 646 1270 etc.
648 1225 675 1250 ‘⁶
716 1226 848 1270 facile
889 1226 1158 1284 intelligitur.
1223 1225 1354 1270 Prior
1389 1227 1526 1284 igitur
1568 1236 1675 1285 pars

203 1294 382 1339 narrata
419 1299 487 1340 est
525 1300 570 1341 in
606 1298 784 1343 exordio
823 1300 898 1342 aut
935 1299 992 1341 ab
1027 1298 1166 1342 Iliona
1194 1300 1271 1342 aut
1299 1298 1413 1356 quod
1445 1299 1588 1343 malim
1618 1299 1675 1343 ab

204 1363 353 1408 umbra
381 1364 458 1425 [ut
485 1372 531 1414 in
557 1369 781 1428 Euripidis
809 1368 1022 1435 Hecuba]
1050 1370 1258 1430 Deiphili.

264 1465 268 1468 -
315 1439 538 1486 Pertinent
566 1442 623 1487 ad
651 1442 763 1487 bunc
790 1436 1016 1501 prologum
1046 1454 1103 1485 ex
1130 1443 1389 1500 fragmentis
1417 1442 1550 1487 haec:

265 1513 309 1558 1.
1018 1513 1107 1559 'Ab
1135 1527 1187 1559 eo

370 1587 609 1646 Depulsum
639 1598 824 1633 mamma
850 1586 1245 1646 paedagogandum
1273 1589 1434 1647 accipit-

372 1659 589 1717 Repdtiali
614 1661 727 1704 lacte
755 1656 856 1721 (ἓ).

315 1730 383 1773 De
410 1731 574 1794 perfido
601 1731 811 1791 Hospitio,
842 1746 929 1790 quo
958 1705 1165 1791 exceptus
1194 1735 1255 1778 sit
1282 1733 1557 1791 Polydorus.

260 1801 306 1845 2.
373 1802 467 1848 Sed
498 1804 544 1848 hi
571 1805 766 1849 cluentur
792 1804 1022 1864 hospitum
1034 1805 1290 1850 infidIssimi.
1589 1808 1592 1811 ’

316 1869 592 1933 Sequebatur
618 1877 941 1921 celeberrimum
971 1877 1090 1922 illud.
1135 1877 1284 1923 Primo
1313 1891 1439 1924 mane
1466 1880 1673 1940 Deiplnili,

201 1946 416 2005 Polydori
441 1948 540 1994 loco
568 1951 806 2008 interfecti,
850 1951 1002 1994 umbra
1024 1954 1208 2009 apparet
1234 1952 1401 1996 Ilionae
1433 1953 1671 1999 dormienti.

204 2017 292 2073 Qui
328 2033 458 2078 quum
491 2021 740 2068 inhumatus
778 2025 898 2071 esset
924 2025 1145 2081 proiectus
1174 2025 1394 2084 sepultura
1420 2028 1470 2070 ut
1497 2039 1549 2071 se
1577 2028 1673 2073 affi-

201 2093 290 2136 ciat
318 2095 426 2150 petit
455 2106 484 2137 a
507 2097 670 2139 matre:
700 2094 792 2140 Cic.
822 2095 953 2140 Tusc.
986 2095 1040 2153 1,
1067 2095 1149 2141 44.
1190 2095 1380 2156 (Orell.)

258 2163 314 2249 3
370 2165 533 2225 Mater,
544 2171 588 2211 te
609 2168 796 2228 appello,
804 2180 916 2227 quae
929 2180 1075 2213 curam
1096 2173 1247 2214 somno
1263 2174 1519 2229 suspensam
1530 2174 1672 2231 levas

231 2293 234 2295 ,
310 2238 520 2298 Neque
534 2243 577 2285 te
592 2242 888 2286 meimiseret:
912 2253 1047 2299 surge
1061 2244 1105 2286 et
1117 2244 1254 2301 sepeli
1266 2246 1412 2289 natum
1424 2244 1603 2305 [tuum]
1616 2272 1669 2280 -

306 2310 498 2370 [„Haec
537 2327 663 2370 quum
701 2317 871 2373 pressis
912 2317 955 2359 et
991 2314 1205 2360 flebilibus
1243 2315 1406 2375 modis,
1451 2322 1527 2378 qui
1564 2321 1668 2364 totis

202 2383 383 2430 theatris
410 2387 667 2430 maestitiam
693 2387 905 2444 interant,
933 2387 1239 2444 concinuntur,
1268 2388 1439 2435 difficile
1465 2394 1554 2449 est,
1580 2405 1669 2438 non

171 2468 295 2511 ..-eos,
323 2460 397 2516 qui
416 2457 630 2503 inhumati
660 2458 769 2515 sint,
796 2460 981 2504 miseros
1008 2457 1214 2504 iudicare
1214 2460 1262 2523 .‘]

1276 2536 1396 2593 prius

370 2601 513 2658 Quam
540 2603 661 2648 ferae
685 2603 1062 2663 volucresque—

201 2676 432 2737 (‚,metuit‚
476 2688 533 2721 ne
577 2677 780 2721 laceratis
813 2677 1027 2723 membris
1061 2680 1202 2725 minus
1241 2680 1351 2726 bene
1394 2640 1568 2742 utatur3
1617 2698 1673 2729 ne

201 2746 464 2806 combustis,
491 2756 577 2795 non
588 2748 891 2813 extimescit“.
881 2750 923 2808 ·)
954 2761 956 2763 ·

1187 2840 1289 2885 3*
