1824 3208
868 88 935 133 10

159 224 243 270 que
274 215 484 257 universa
511 212 702 256 membra
724 211 913 269 frigidus
942 211 1077 258 sudor
1104 212 1343 257 emanabat.
1400 212 1523 259 Tunc
1549 225 1631 272 pe-

158 285 241 328 des
270 287 447 328 incertis
475 285 793 329 alternantibus
821 296 1109 339 commovere,
1134 283 1260 327 modo
1290 284 1403 330 hanc
1418 286 1546 331 modo
1573 287 1632 329 il-

160 358 246 400 lam
277 357 431 414 capitis
460 359 624 415 partem
655 358 854 415 scalpere
869 360 911 401 et
930 370 1006 401 ore
1027 357 1285 400 semiclauso
1314 356 1631 403 balbutiens

162 432 305 473 nescio
336 441 446 486 quas
477 430 660 473 affanias
690 431 894 474 effutire.“
930 431 1234 484 verberonem,
1259 430 1502 489 trepidatio,
1531 432 1631 490 pal-

160 503 251 560 lor,
281 503 525 546 balbutiens
555 507 655 561 quiu
684 504 907 547 materiam
935 502 1309 563 suppeditaverint
1336 503 1421 564 iam
1444 517 1529 547 non
1543 504 1631 549 du-

160 575 287 618 bites.
343 575 531 620 Verbum
562 576 778 620 blaterare
806 577 911 621 alibi
938 579 1066 621 etiam
1094 577 1251 634 legitur
1268 575 1383 633 apud
1398 575 1630 634 Apuleium

160 644 355 704 (Florid.
396 649 444 706 t,
474 646 544 706 9.;
574 648 629 692 de
658 661 773 707 mag.
804 647 896 709 3.).
959 649 1067 711 ,Ιειω
1110 650 1264 694 desunt
1301 651 1473 693 nomina
1512 648 1630 695 Sce-

160 737 327 783 parnus
357 725 400 766 et
429 721 617 766 Pseudo.
669 721 762 768 Sed
791 737 922 780 quum
951 726 996 767 in
1024 724 1228 768 Plautina
1256 721 1489 780 comoedia,
1517 735 1629 780 quae

159 796 339 840 Rudeus
381 794 650 851 inscribitur,
690 794 916 839 inducatur
956 795 1221 855 Sceparnio,
1264 807 1423 838 servus
1460 795 1628 838 Damo-

159 871 251 923 nis,
283 871 325 911 et
351 869 438 910 alia
469 871 680 925 iuscripta
709 871 789 912 sit:
817 869 1193 926 Pseudo—lus,
1222 883 1306 913 non
1326 868 1626 929 videturesse,

157 953 234 1002 cur
262 941 392 983 altius
418 942 680 997 repetamus.

266 1012 433 1056 Eadem
472 1016 587 1056 ratio
627 1016 697 1056 est
726 1026 897 1069 eorum,
939 1025 1050 1070 quae
1077 1013 1335 1069 Fulgentius
1364 1013 1488 1056 affert
1515 1028 1552 1056 s.
1581 1027 1625 1056 v.

155 1085 510 1129 Diobolares.
567 1085 679 1130 Vide
706 1085 959 1130 Lerschium
989 1101 1032 1145 p.
1061 1084 1140 1129 57.

268 1160 456 1204 Verbum
487 1159 728 1203 addendum
756 1158 931 1202 videtur
959 1159 1013 1202 de
1041 1161 1166 1203 tertio
1185 1160 1295 1215 lo'co,
1323 1172 1406 1216 quo
1428 1157 1624 1202 Pacuvio

156 1233 427 1291 tragoediam
467 1233 688 1291 Thyesten
726 1233 875 1276 tribuit
901 1233 1184 1290 Fulgentius,
1228 1246 1341 1292 s.·v.
1382 1232 1622 1276 Luteum:

155 1306 367 1362 „Luteum
413 1305 570 1348 dicitur
610 1304 892 1363 splendidum.
949 1304 1077 1348 Unde
1119 1308 1161 1347 et
1202 1305 1427 1348 Pacuvius
1455 1308 1500 1348 in
1528 1308 1622 1348 tra-

152 1378 314 1435 goedia
343 1377 553 1435 Thyestis
581 1380 665 1421 ait:

407 1449 508 1494 Non
535 1450 627 1493 illic
652 1450 779 1493 luteis
808 1461 965 1494 aurora
994 1449 1153 1506 bigis.“

184 1554 186 1557 -
265 1524 334 1567 De
362 1536 448 1580 qua
476 1523 664 1566 Pacuvii
693 1523 846 1567 fabula
876 1522 1048 1566 aliunde
1075 1522 1180 1565 nihil
1199 1523 1342 1566 notum
1360 1524 1440 1566 est.
1478 1521 1620 1566 Prae-

152 1599 220 1640 ter
256 1595 500 1640 Ennianam
530 1607 639 1639 vcro
670 1597 868 1639 extitisse
895 1595 1089 1639 eiusdem
1120 1596 1305 1639 nominis
1334 1594 1461 1639 Varii
1489 1595 1620 1638 fabu-

151 1670 237 1712 lam
262 1668 465 1713 docemur
491 1670 617 1713 etiam
646 1669 912 1713 memorabili
941 1668 1130 1726 scholio,
1180 1666 1296 1726 quod
1324 1669 1459 1726 primo
1490 1667 1619 1712 exhi-

150 1741 244 1785 huit
283 1740 650 1786 Schneidewinus
685 1745 729 1785 in
773 1739 894 1785 Mus.
932 1740 1071 1784 Rhen.
1115 1739 1263 1784 1842.
1302 1754 1344 1797 p.
1376 1738 1491 1784 106.
1523 1754 1618 1798 sqq.

151 1813 237 1871 (cf.
270 1812 418 1858 1843.
449 1830 490 1872 p.
519 1813 690 1873 638.),
720 1817 762 1858 et
790 1827 845 1858 ex
873 1813 1009 1858 schol.
1039 1815 1252 1859 Beruensi
1281 1812 1338 1857 ad
1366 1812 1492 1870 Virg.
1521 1813 1616 1857 Ecl.

149 1885 204 1946 S,
234 1884 281 1931 6.
341 1886 512 1941 Quodsi
541 1887 640 1931 illa:
673 1885 800 1944 „Non
828 1886 918 1929 illic
945 1886 1077 1930 luteis
1101 1897 1259 1930 aurora
1287 1885 1433 1943 bigis“
1465 1885 1618 1929 confe-

149 1973 225 2005 ras
256 1973 350 2004 cum
386 1961 508 2016 Virg.
538 1960 651 2003 Aen.
682 1960 767 2003 V11
777 1992 789 2015 ,
818 1957 922 2003 26.;
951 1959 1155 2017 „Aurora
1185 1963 1228 2003 in
1253 1961 1393 2003 roseis
1420 1959 1617 2015 fulgebat

148 2034 264 2077 lutea
296 2033 459 2091 bigis“,
488 2032 763 2089 Fulgentium
796 2043 850 2074 ex
879 2031 1076 2075 Aeneide
1105 2031 1306 2075 hausisse
1334 2030 1476 2087 dicas,
1505 2043 1617 2088 quae

151 2110 218 2148 est-
254 2107 379 2148 etiam
419 2104 622 2149 Lerschii
660 2106 884 2148 sententia.
942 2105 1032 2148 lam
1071 2109 1110 2149 si
1139 2105 1195 2148 de
1222 2107 1362 2149 mente
1390 2116 1475 2162 qua
1504 2104 1616 2148 Ful-

147 2180 325 2237 gentius
363 2178 472 2223 haec
507 2181 651 2223 omnia
684 2181 729 2222 in
763 2177 915 2222 librum
952 2192 1077 2223 suum
1116 2178 1373 2223 conferserit
1413 2189 1614 2237 quaeras,

145 2254 249 2295 sunt
289 2251 462 2309 quidem
500 2254 572 2310 qui
615 2255 661 2295 in
698 2252 842 2295 multis
883 2254 1085 2296 memoria
1129 2253 1299 2309 lapsum
1342 2264 1436 2295 eum
1477 2251 1615 2293 velint

147 2327 280 2383 atque
317 2336 465 2368 errare
504 2327 597 2369 sine
639 2325 845 2381 consilio,
892 2338 1067 2382 quorum
1109 2326 1252 2369 tamen
1294 2336 1468 2369 numero
1515 2326 1614 2367 sunt

147 2399 296 2455 pauci:
326 2398 458 2441 multo
486 2400 621 2441 maior
649 2400 717 2441 est
744 2409 850 2456 pars
877 2410 1037 2454 eorum,
1065 2399 1136 2455 qui
1166 2400 1240 2441 aut
1259 2398 1433 2442 falsarii·
1446 2398 1612 2441 nomine

147 2472 294 2514 notent
334 2472 409 2514 aut
451 2470 622 2528 paulum
661 2469 826 2527 aliquid
865 2470 981 2514 ultra
1008 2471 1171 2528 primas
1198 2471 1368 2515 litteras
1395 2481 1612 2528 progres-

146 2554 244 2596 sum
271 2554 367 2601 res,
409 2545 604 2600 nomina,
643 2553 753 2600 quae
786 2543 857 2587 hic
896 2543 987 2586 illic
1017 2542 1211 2586 audisset
1237 2541 1487 2586 confudisse
1516 2555 1610 2587 eum

146 2615 276 2672 atque
312 2617 373 2659 ita
408 2622 510 2675 apta
556 2618 735 2675 ineptis,
779 2617 900 2661 veris
928 2616 1043 2660 falsa
1071 2618 1377 2675 permiscuisse
1405 2618 1609 2662 statuant.

146 2685 366 2747 Quidquid
395 2693 487 2746 est,
514 2690 624 2735 fides
649 2693 690 2734 ei
719 2690 890 2746 haberi,
917 2692 1173 2748 praesertim
1201 2690 1284 2733 soli
1316 2689 1371 2734 de
1398 2692 1544 2750 aliqua
1560 2702 1610 2732 re

144 2761 351 2821 tradenti,
388 2765 554 2809 omnino
580 2765 740 2822 nequit.
797 2763 950 2822 Neque
977 2764 1112 2820 igitur
1140 2766 1300 2808 temere
1327 2764 1450 2809 nobis
1479 2761 1608 2808 vide-
