1824 3208
893 57 958 104 16

187 181 346 225 sinunt.
370 185 393 233 ᾧ
417 182 673 227 Pacuviana
707 181 956 238 fragmenta
991 181 1217 226 multorum
1257 185 1515 244 scriptorum
1530 217 1543 243 ,
1584 186 1656 242 qui

187 258 422 299 occasione
468 254 573 298 data
615 266 671 297 ex
715 254 799 297 hac
841 255 917 297 illa
958 254 1187 312 tragoedia
1231 268 1390 302 versus
1435 259 1493 304 ad
1534 271 1658 303 suam

188 330 369 386 quisque
395 337 485 370 rem
515 327 779 384 pertinentes
807 327 1054 384 attulerunt,
1078 327 1202 372 libris
1222 329 1505 390 continentur,
1525 342 1659 391 saepe

189 403 273 458 ita,
314 402 361 443 ut
395 412 482 443 non
516 402 603 443 tam
642 400 779 443 verba
817 411 946 456 quam
982 402 1196 444 sententia
1235 402 1521 461 exprimatur,
1559 412 1660 447 ra'ro

188 471 396 519 mendosa
424 472 698 517 librariorum
726 472 962 528 scriptione
992 487 1078 518 non
1106 474 1339 531 inquinata.
1400 474 1501 520 Huc
1529 488 1662 521 acce-

190 546 281 604 dit,
310 545 451 604 quod,
484 549 532 589 ut
560 547 644 588 iam
676 557 809 602 supra
838 544 1048 602 diximus,
1078 548 1202 604 poeta
1229 547 1376 589 noster
1403 560 1491 591 non
1512 562 1662 593 omnes

189 620 367 664 fabulas
400 618 459 664 ad
486 617 665 661 verbum
693 619 932 676 expressit,
960 622 1007 663 ut
1036 613 1287 678 quibusdam
1316 619 1487 678 placet,
1515 620 1664 678 plures

192 696 365 738 omnino
403 704 458 735 ne
495 691 772 747 expressisse
811 691 980 749 quidem
1017 692 1204 737 videtur.
1272 690 1366 739 Sed
1405 695 1550 737 tamen
1578 707 1664 750 quo

194 767 308 811 citra
337 763 616 807 temeritatem
646 763 855 821 progredi
883 764 1013 809 liceat
1038 765 1271 822 periculum
1294 765 1520 821 iaciamus,
1547 766 1674 809 tres-

196 852 279 897 que
324 840 371 880 in
416 847 627 893 praesens
665 835 840 879 fabulas
882 849 1171 894 proponamus
1211 837 1357 894 quoad
1396 836 1488 880 fieri
1523 837 1668 895 potest

198 909 505 965 adumbratas,
534 919 711 966 quarum
745 920 834 953 una
859 909 1111 967 religiosum
1139 908 1362 968 Euripidis
1381 911 1668 969 interpretem,

197 983 338 1026 altera
372 982 565 1025 fortasse
602 982 728 1037 quasi
767 981 977 1038 quendam
1016 981 1243 1041 Euripidis
1279 983 1499 1040 libertum,
1542 985 1671 1027 tertia

201 1053 472 1100 Graecorum
499 1053 790 1112 exemplorum
819 1054 1075 1098 imitat-orem
1104 1054 1228 1100 dicas
1256 1054 1397 1099 fuisse
1416 1054 1671 1100 Pacuvium.

672 1207 740 1266 Ι.
793 1207 1218 1281 Antiopa.

315 1343 368 1387 In
406 1340 842 1387 celebratissimarum
880 1355 1057 1388 numero
1082 1343 1221 1389 fuisse
1248 1344 1362 1389 hanc
1389 1344 1576 1388 Pacuvii
1603 1342 1678 1386 fa-

204 1417 346 1463 bulam
388 1415 581 1459 habitam
622 1427 678 1459 ex
708 1413 919 1459 Cicerone
947 1416 1145 1460 concludi
1172 1418 1339 1476 potest,
1379 1418 1453 1473 qui
1493 1412 1579 1472 (de
1605 1413 1676 1457 fin.

208 1490 263 1548 1,
291 1489 390 1548 20:
421 1487 556 1547 Quis,
584 1489 746 1546 inquit,
783 1491 871 1531 tam
894 1490 1098 1533 inimicus
1128 1500 1266 1548 paene
1293 1489 1453 1533 nomini
1479 1486 1678 1532 Romano

207 1566 290 1620 est,
314 1563 385 1620 qui
413 1561 543 1605 Ennii
572 1559 778 1605 Medeam
808 1563 883 1605 aut
910 1561 1147 1620 Antiopam
1175 1561 1365 1605 Pacuvii
1393 1561 1571 1620 spernat
1603 1560 1681 1603 aut

205 1637 400 1691 reiiciat3
437 1634 509 1690 qui
548 1645 599 1678 se
634 1633 791 1678 iisdem
834 1634 1058 1691 Euripidis
1099 1634 1262 1678 fabulis
1299 1633 1506 1677 delectari
1549 1631 1681 1687 dicat,

206 1709 394 1753 Latinas
434 1705 575 1750 oderit
603 1705 695 1764 [ita
724 1702 980 1765 Orellius]?
1014 1705 1210 1750 Eandem
1238 1707 1541 1750 commemorat
1567 1702 1679 1748 idem

206 1780 351 1826 Acad.
379 1779 435 1836 2,
463 1778 510 1822 7.
537 1777 637 1822 2οΑ
667 1791 819 1836 „quam
848 1779 1001 1835 multa,
1032 1791 1144 1836 quae
1171 1792 1252 1823 nos
1282 1780 1453 1836 fugiunt
1481 1781 1525 1821 in
1540 1780 1680 1832 cantu,

208 1851 447 1898 exaudiunt
481 1851 525 1893 in
563 1863 615 1894 eo
653 1862 816 1908 genere
845 1847 1089 1929 exercitati!
1129 1852 1201 1908 qui
1232 1854 1369 1910 primo
1397 1850 1548 1894 inflatu
1576 1849 1682 1893 tibi-

209 1927 320 1970 cinis
347 1924 587 1981 Ant-iopam
616 1935 717 1966 esse
748 1924 865 1966 aiunt
892 1925 965 1966 aut
993 1922 1369 1982 Andromacham,
1398 1936 1494 1968 cum
1526 1922 1571 1966 id
1598 1936 1681 1966 nos

209 2010 265 2044 ne
303 1999 577 2055 suspicemur
613 1993 826 2052 quidem“,
872 2006 928 2037 ex
957 2008 1043 2053 quo
1072 1996 1169 2039 loco
1198 2009 1283 2040 non
1312 1995 1423 2041 adeo
1450 1996 1607 2054 rudes,
1636 1999 1683 2039 ut

211 2072 355 2129 placet
382 2069 556 2125 multis,
596 2080 746 2111 omnes
774 2067 914 2111 fuisse
941 2067 1230 2112 Romanarum
1259 2071 1526 2127 spectatores
1552 2069 1683 2112 fabu-

211 2142 351 2186 larum
378 2153 511 2199 posse
538 2139 723 2197 intelligi
752 2140 892 2184 obiter
921 2153 1089 2185 moneo.
1147 2140 1293 2185 Tertio
1322 2142 1418 2185 loco
1461 2139 1606 2199 (offic.
1638 2138 1683 2194 1,

214 2212 330 2271 31.)
367 2213 600 2270 Antiopam
638 2214 696 2255 iis
731 2212 892 2256 fabulis
930 2213 1204 2271 adnumerat,
1244 2226 1352 2271 quas
1381 2215 1482 2271 quia
1509 2224 1685 2256 accom-

214 2285 539 2332 modatissimae
559 2285 644 2330 sibi
673 2287 820 2329 essent
847 2285 1085 2343 elegissent
1114 2287 1288 2345 scenici,
1316 2295 1569 2344 semperque
1587 2283 1685 2327 Ru-

215 2360 387 2420 pilium,
418 2370 541 2416 quem
567 2359 663 2416 ipse
691 2359 949 2414 meminerit,
977 2358 1061 2402 sibi
1089 2371 1183 2403 eam
1211 2358 1314 2403 dicit
1343 2359 1544 2415 elegisse.
1589 2354 1686 2400 Ne-

219 2445 302 2489 que
352 2431 567 2475 minimam
605 2430 773 2473 laudem
811 2433 852 2473 ei
889 2430 1086 2474 tribuerit
1126 2432 1271 2476 Persii
1307 2429 1417 2475 illud
1454 2426 1686 2486 fastidium,

222 2505 293 2561 qui
322 2517 402 2549 suo
433 2504 563 2547 etiam
590 2503 782 2560 tempore
810 2502 914 2547 dicit
941 2515 1064 2560 esse,
1093 2517 1202 2562 quos
1233 2512 1472 2547 verrucosa
1499 2503 1689 2547 moretur

223 2572 417 2633 Antiopa
430 2608 443 2633 ,
472 2577 692 2620 aerumnis
721 2587 798 2619 cor
824 2574 1098 2620 luctificabile
1123 2576 1244 2620 fulta.

336 2647 653 2704 Argumentum
702 2648 891 2692 continet
941 2649 1099 2692 octava
1133 2647 1303 2705 Hygini
1344 2645 1505 2691 sabula.
1574 2645 1687 2690 Nam

227 2717 345 2777 quod
374 2718 483 2764 haec
510 2720 658 2766 fabula
685 2721 894 2780 inscripta
922 2721 1011 2765 est:
1048 2719 1242 2779 „Eadem
1273 2717 1525 2783 (Antiopa)
1553 2719 1690 2765 Euri-
